2718 4392
217 227 293 301 ³32
359 281 367 310 ¹.
494 183 824 283 nantsnnvs
877 215 921 284 t.

99 415 105 422 ·
166 379 343 456 decanum
366 379 478 476 datis,
506 385 646 480 aperuit
656 407 666 466 ;
695 357 804 484 quem
833 371 994 454 animum
1027 377 1132 450 nouis
1159 399 1235 450 rur·

163 479 239 556 sum
264 480 393 555 litteris
417 485 534 558 eidem
565 485 800 588 fignificauit,
831 483 894 582 (a)
921 485 1012 558 datis
1043 488 1081 556 in
1103 481 1231 558 Temes-

145 589 249 686 ¹azir,
278 583 416 664 XXIV.
449 587 524 666 Ira.
564 592 615 668 A.
646 591 697 668 J).
733 587 985 667 MCDXLJX.
1036 584 1231 686 Postquam

165 717 253 767 uero
277 692 454 770 Nicolaus
487 687 652 795 pontifex
675 703 865 798 ilungaros
900 697 944 768 ad
973 692 1232 766 obseruandam

163 803 259 872 inter
284 795 318 872 se
341 805 596 899 concordiam,
623 802 758 878 bellum
785 825 870 876 cum
890 803 1030 894 'l’urcis¹
1051 795 1234 871 declinan-

112 905 118 914 '
165 904 276 998 dum,
305 908 497 980 amicitiam
528 929 620 982 cum
647 933 733 1008 rege
760 911 914 982 Bosniae
946 903 1136 982 colendam
1174 927 1234 1002 pa·

140 1020 143 1028 ’
165 1019 269 1081 terne
291 1011 510 1108 ¹cohortatus
538 1007 670 1100 suisset3
702 1015 912 1112 Hunyadius
961 1009 1171 1112 proceribus
1192 1011 1230 1080 in

142 1111 347 1188 .constlium
366 1119 553 1214 adhibitis,
581 1122 674 1194 inter
693 1117 760 1192 alia
773 1067 975 1218 respontlit:
992 1113 1051 1208 (b)
1065 1116 1234 1203 „-Otio

168 1273 189 1310 „
218 1241 380 1323 paceque
410 1221 499 1319 frui,
525 1229 566 1299 B.
585 1229 622 1300 P.
650 1227 756 1300 nobis
788 1222 922 1324 semper
956 1225 994 1296 in
1023 1239 1114 1294 voto
1142 1215 1232 1305 suit;

22 1315 25 1328 '
167 1375 190 1414 ,‚
214 1329 466 1402 verumtamen
496 1325 559 1404 illo
585 1333 684 1428 otio,
722 1331 823 1430 quod
850 1331 984 1428 patriae
1008 1323 1147 1398 nostrae
1171 1347 1232 1398 ve-

164 1485 188 1522 „
215 1451 296 1503 rum
320 1436 437 1506 otium
467 1458 590 1533 parere
616 1433 740 1535 posset.
760 1477 796 1500 -
854 1438 992 1508 Datum
1016 1433 1052 1504 in
1080 1451 1233 1528 congre·

162 1589 186 1627 ,‚
214 1538 359 1634 gatione
384 1537 504 1614 nostra
529 1541 717 1638 Pelliensr,
742 1543 869 1616 XXIV.
898 1535 1026 1623 mensis
1043 1535 1157 1629 lunii,
1179 1539 1230 1608 A.

163 1687 187 1730 .,
214 1647 262 1716 D.
277 1639 513 1719 MCDXLlX.
528 1651 551 1690 ‘⁶
607 1649 721 1722 Iidem
751 1651 809 1721 SS.
830 1663 868 1720 et
881 1647 963 1720 00.
988 1641 1149 1718 indidem
1174 1663 1231 1714 ea·

165 1744 330 1848 tiem'die
362 1746 498 1824 litteras
527 1754 572 1826 ad
598 1749 793 1826 Nicolaum
829 1741 1006 1825 decanum
1034 1747 1080 1820 de
1106 1743 1231 1820 sollici·

161 1853 280 1926 tandis
298 1851 435 1928 auxiliis
461 1877 586 1932 eontra
604 1863 739 1932 Turcas
763 1877 799 1932 et
821 1849 975 1930 Huilitas
1002 1851 1229 1926 dederunt.“

161 2001 187 2044 ,‚
212 1961 390 2054 Noueris‚
410 1967 593 2064 inquiunt,
616 1959 831 2038 insurrexisse
842 1965 881 2034 in
899 1959 1061 2062 partibus
1075 1954 1231 2056 superio·

162 2107 186 2147 ,‚
215 2065 314 2141 ribus
332 2069 632 2165 regnillohemos
651 2067 828 2163 latrones,
841 2069 904 2168 qui
922 2069 1015 2140 inter
1029 2060 1116 2156 alia,
1132 2085 1229 2160 quae

160 2215 185 2256 ,‚
214 2171 358 2268 grauius
386 2165 559 2270 serimus,·
577 2176 804 2248 induxerunt·
832 2172 948 2247 secum
971 2189 1017 2244 et
1047 2171 1232 2241 inducunt

161 2331 185 2366 ,‚
213 2273 382 2350 haeresim
406 2272 728 2352 Huslitarum.'-“
798 2279 932 2352 Contra
963 2277 1030 2350 hos
1066 2271 1230 2372 sequenti

160 2377 281 2452 mense
293 2383 365 2454 iam
391 2377 522 2454 bellum
548 2379 644 2456 fuisse
668 2381 905 2480 destinatum,
942 2405 1000 2483 err¹
1018 2381 1072 2452 iris
1101 2381 1233 2477 guber·

161 2485 297 2556 natoris
333 2486 378 2556 ad
418 2486 587 2562 eumdem
620 2491 797 2563 decanum
827 2487 945 2564 verbis
986 2503 1143 2586 apparet.
1170 2487 1231 2580 (c)

159 2637 184 2684 „
212 2589 395 2663 Geruntur
409 2591 468 2664 bic
490 2593 586 2692 apud
602 2617 671 2668 nos
689 2584 831 2669 aduersa
844 2617 917 2667 non
937 2593 1049 2666 modo
1069 2589 1234 2688 patriae,

159 2749 183 2787 „
209 2715 337 2768 verum
358 2695 438 2795 plus
462 2695 549 2772 fidei
567 2699 714 2774 nostrae.
731 2741 782 2763 -·
807 2703 900 2774 Dat.
925 2698 1067 2794 Budae,
1085 2697 1146 2766 Vi.
1169 2699 1231 2768 Iu-

160 2849 183 2887 „
209 2793 276 2896 lii,
321 2806 369 2874 A.
399 2807 446 2878 n.
473 2807 762 2880 Mcoxnxnc'
804 2809 852 2879 at
883 2806 1039 2904 primum
1073 2800 1225 2898 quidem

159 2907 253 2979 circa
277 2902 403 2980 festum
428 2904 596 2986 assumtae
624 2914 772 3013 virginis
792 2911 1003 3008 Hunyadius
1027 2907 1229 2980 exercitum

157 3013 195 3083 in
224 3006 305 3085 illos
344 3005 454 3098 misti
501 3013 558 3088 sed
588 3013 775 3117 postquam
802 3018 920 3111 hunc,
963 3031 1003 3084 vt
1030 3007 1229 3110 Dlugossus

157 3116 293 3210 scribit,
321 3115 386 3212 (d)
411 3121 506 3217 feria
543 3117 606 3198 V-I.
631 3141 712 3198 ante
728 3119 859 3224 festum
888 3121 1093 3197 natiuitatis
1116 3114 1152 3192 S.
1168 3115 1227 3192 M.

163 3221 205 3298 V.
225 3219 400 3333 congreffu
417 3219 596 3326 campestri
603 3228 871 3326 fasloloannes
889 3221 1017 3299 Gisltr'a
1037 3227 1230 3318 canisium

30 3333 35 3352 '
157 3365 209 3401 ψ-
233 3324 289 3406 bis
315 3327 415 3406 taralis
427 3327 627 3430 fitccefflbus
652 3330 794 3409 Ioannes
817 3331 857 3408 de
875 3327 1032 3432 Hunyad
1045 3369 1097 3388 -
1137 3351 1228 3404 com·

158 3453 288 3529 motus,
319 3432 449 3510 collem
475 3433 626 3512 notabili
644 3443 821 3534 exercitu,
835 3475 885 3498 ·-
911 3457 1030 3513 eontra
1053 3431 1228 3512 Giskram

60 3547 63 3554 ⁴
148 3539 318 3640 proceffit.
369 3543 469 3616 Dum
489 3560 643 3640 utraque
670 3565 752 3641 pars
783 3547 919 3620 mutuis
949 3543 986 3612 in
1017 3540 1049 3615 se
1080 3543 1227 3614 damnis

155 3642 301 3723 saeuiret
313 3671 326 3734 3
357 3669 409 3748 ex
444 3641 595 3720 Polonia
625 3642 715 3722 miffi
742 3645 875 3752 legati,
903 3655 1061 3738 loannes
1092 3649 1228 3747 sagor-

1021 3749 1169 3828 renszlti
1230 3774 1281 3844 ,0

196 3973 241 4046 (a)
263 3967 324 4048 ΑΡ·
342 3971 508 4040 Schwaudt·
528 3977 617 4044 nli.
640 3990 735 4064 por·
775 3981 820 4060 (l)
843 3981 922 4048 ibid.
967 3977 1007 4060 (e)
1029 3979 1109 4048 lbtd.
1126 3975 1224 4064 psas.

196 4075 245 4156 (d)
266 4072 348 4140 Libr.
372 4077 455 4141 xlll-
475 4081 536 4150 eol.
553 4101 603 4162 51·
