2718 4392
126 229 130 238 .
210 153 286 234 350
477 139 810 227 [nonanus
866 157 907 227 v.
976 201 981 207 -
1110 105 1118 132 ⁴

156 316 212 386 roi
241 313 359 413 plures
392 319 529 396 infidias
546 320 686 398 Vlricus
709 323 893 400 Cileienlia
918 321 1091 418 ssruebat,
1130 345 1218 426 quas

153 413 212 492 ille
231 421 378 499 feliciter
405 425 539 526 semper
569 427 727 504 eluserat.
781 437 909 534 Atque
935 436 1019 508 hine
1047 431 1217 508 videntur

154 545 252 600 ortae
280 527 499 606 dillensrones
527 537 761 635 interregem
793 556 830 608 et
854 556 1039 638 proceres,
1067 535 1111 610 ad
1129 555 1218 633 quas

114 725 118 736 ¹
152 640 423 731 componendas
468 623 627 734 Callifflrs
664 639 826 739 pontifex
866 643 1094 743 Dionyfium
1119 640 1214 716 card.

138 738 362 814 adhortatus
386 741 454 838 est,
483 749 543 840 (a)
572 771 662 820 amaa
690 743 888 824 MCDLV·
911 748 978 824 kal.
1003 747 1094 850 Sept.
1114 761 1214 845 pant.

150 867 209 914 aa.
238 865 271 920 1.
333 849 396 920 His
423 845 689 949 dissentionibus
721 849 870 926 caullam
905 847 1050 928 fortaffis
1081 849 1215 924 obtulit

150 945 294 1048 longior
311 957 402 1052 regis
426 949 582 1028 absentia
603 957 778 1058 regnique
806 959 1097 1060 curuHunyadio
1116 947 1213 1028 con'r·

148 1051 263 1150 milla,
293 1063 356 1156 qui
376 1077 498 1134 tantae
524 1057 706 1158 potestatis
728 1083 826 1160 erat,
858 1085 899 1137 vt
922 1068 959 1139 in
984 1064 1132 1138 laudatis
1160 1059 1215 1134 lit·

144 1159 237 1229 teris¹
256 1163 420 1238 Ladislao
450 1169 496 1240 de
520 1167 611 1238 Gara
636 1167 793 1264 palatino
826 1170 1043 1268 praepofitut
1079 1165 1186 1242 fuerit
1200 1220 1212 1262 ,
1334 1159 1338 1164 ¹

146 1284 188 1333 ac
215 1265 260 1337 de
287 1267 352 1342 sale
383 1273 484 1370 regio
511 1272 729 1346 donationes
750 1270 865 1348 facere
895 1277 1065 1376 potuerit.
1085 1269 1146 1370 (b)

272 1481 321 1554 Α.
346 1479 384 1555 e.
407 1492 519 1584 1456.
546 1483 633 1562 na.
650 1507 710 1562 12.
723 1483 804 1561 na.
833 1509 871 1583 4.
896 1457 937 1559 Ρ.
969 1495 1032 1571 28.
1049 1479 1113 1590 ra„

242 1703 451 1796 CCXXle.
479 1703 662 1802 Callistus,
689 1703 869 1782 efficacius
892 1695 1022 1778 bellum
1044 1706 1087 1778 ¹in
1118 1707 1208 1778 Tur·

141 1828 201 1883 cas
219 1797 473 1908 p'romoturul,
511 1816 684 1886 loannem
713 1813 870 1886 cardin
897 1812 1117 1910 Hungariam
1146 1813 1209 1884 mi·

141 1915 193 1988 fit.
239 1919 342 2010 ilex,
365 1914 529 2012 responso
548 1916 712 2016 pontifici
733 1919 842 2011 dato,
867 1913 1027 2022 Pragae,
1042 1913 1098 1989 die
1116 1912 1201 1990 Vra.

142 2001 263 2122 densts
285 2017 460 2116 Ianuarii,
484 2022 535 2095 A.
556 2021 605 2094 D.
628 2019 849 2118 MCDLVI.
904 2025 1103 2117 Viennam,
1121 2023 1206 2099 inde

73 2140 75 2151 '
141 2147 217 2198 non
242 2123 359 2198 multo
384 2125 462 2224 post
486 2129 525 2200 in
555 2131 774 2228 Hungariam
801 2126 834 2204 se
862 2123 1034 2219 contulit,
1063 2147 1104 2200 vt
1133 2129 1208 2200 ani·

139 2252 220 2304 mos
251 2233 470 2329 optimatum
497 2233 541 2304 ad
571 2256 667 2306 uma
695 2252 824 2307 contra
846 2235 979 2304 Tureas
1015 2235 1207 2331 corripien-

140 2339 335 2414 datorum
374 2337 557 2409 excitaret.
620 2337 843 2437 Capistranus
882 2357 1033 2435 quoque
1063 2339 1204 2412 Budam

127 2442 209 2514 riter
244 2435 479 2536 acceierauit,
520 2463 561 2518 vt
601 2445 868 2542 expeditionem
907 2462 1035 2516 contra
1066 2445 1205 2515 Turcas

138 2545 332 2644 praesentia
353 2544 409 2618 sua
438 2569 650 2644 promouere
673 2543 798 2648 pollet.
850 2551 991 2620 interea
1015 2550 1205 2622 Mainome-

118 2671 195 2724 ‘tes
212 2648 386 2750 Belgrado
414 2651 532 2726 sensam
551 2655 874 2754 appropinquabat.
928 2653 1035 2726 duod
1057 2650 1118 2726 v'bi
1137 2657 1203 2724 rex

135 2753 317 2832 Ladislaus
346 2757 549 2854 intellexit,
575 2781 659 2832 cum
677 2756 799 2834 Vlrico
823 2757 981 2834 calciensi
1009 2759 1111 2832 Buda
1129 2755 1203 2855 spe·

133 2866 192 2964 eie
225 2865 426 2937 venationis
459 2863 633 2965 egrellus,
660 2863 764 2940 celeri
797 2862 881 2966 fuga
908 2867 1083 2939 Viennam
1116 2873 1203 2938 co'n·

104 3029 108 3038 .
138 2959 259 3066 ceffit,
285 2968 413 3042 litteris
444 2971 488 3042 ad
517 2972 695 3044 dicatores
724 2967 961 3046 Posonienses·
994 2975 1038 3044 e'x
1071 2971 1202 3041 itinere
1266 3048 1273 3063 ἱ

137 3076 228 3149 datis
258 3079 313 3170 (c)
345 3073 536 3178 Sarigaraa'i,
577 3071 633 3150 die
663 3072 751 3150 dum.
784 3095 890 3178 prox.
930 3095 1010 3152 aare
1031 3069 1115 3176 sest.
1152 3069 1198 3148 B.

130 3177 322 3260 Barnabae
337 3197 390 3282 ap.
404 3181 465 3252 A.
488 3179 539 3255 D.
558 3174 775 3256 MCDLVI.
826 3181 1016 3281 Postquam
1036 3201 1080 3253 ex
1098 3183 1200 3252 Hun-

131 3292 232 3392 gtuia
251 3309 374 3388 regem
398 3279 438 3358 C.
465 3286 605 3362 Vlricus
626 3281 840 3377 abduxillet3
867 3285 1117 3380 Mahometes,
1140 3305 1203 3358 ex·
1347 3277 1348 3372 ζ

128 3411 291 3497 pugnata
331 3389 647 3490 Constantinopoli
685 3389 879 3492 superbus,
919 3387 1036 3468 dixisse
1068 3389 1198 3464 fertur:

128 3498 193 3594 (d)
222 3551 246 3592 ‚,
274 3501 376 3572 Vnus
403 3499 528 3572 DEVS
561 3495 770 3572 dominatur
805 3500 844 3574 in
879 3497 983 3574 caelis
994 3527 1013 3594 ,·
1048 3519 1202 3595 compe·

1021 3615 1144 3700 „tens

75 3864 97 3904 e
175 3831 221 3912 (a)
244 3835 300 3912 Ap.
317 3834 413 3917 Rryu.
434 3837 472 3902 ael
495 3857 648 3912 eu01455.
689 3836 741 3914 (l)¹
757 3835 897 3903 Hlss··Cr.
908 3835 947 3898 T·
970 3829 1053 3898 xm.
1067 3856 1097 3913 p·
1120 3839 1195 3914 986.
1346 3831 1347 3902 l

227 3949 365 4016 -102p
408 3939 452 4018 a)
484 3938 631 4011 aines·
653 3937 810 4009 conaret
831 3939 958 4004 nra-1·
1000 3933 1049 4014 (ι)
1069 3939 1193 4028 τως»
1346 3909 1347 3985 l

230 4035 468 4122 P.1V=np55.
