2718 4392
55 1553 63 1564 '
110 1583 112 1588 ·
171 1543 291 1612 tinum
317 1538 418 1638 prose

227 229 306 310 374
454 243 462 261 ,
521 201 817 292 Maeuius·
851 215 880 285 1.

174 437 198 478 „
225 397 376 480 propter
396 397 511 454 certas
542 397 579 454 et
600 377 826 456 rationabiles
856 375 1008 470 caussas,
1038 397 1127 474 quas
1151 391 1246 449 tent·

173 533 196 576 ‚‚
225 509 314 586 pore
336 482 400 558 suo
428 481 593 562 fidelitati
621 483 756 562 vestrae
786 483 1111 572 manifestabimus,
1136 475 1245 578 spect.

142 673 145 680 .
174 633 198 678 ,·,
226 613 264 664 et
282 588 632 690 magn.Micltaelem
651 589 795 692 Zilagy,
827 591 869 662 C.
884 589 1076 662 Bistticien.
1094 582 1242 658 stactem

172 751 197 792 ‚,
225 695 414 792 nostrum,
459 699 663 798 captiuitati
701 698 1046 794 mancipauetimus3
1088 687 1244 762 fidelitas

172 793 196 898 ,',
225 801 338 876 vestra
363 800 457 874 bona
490 823 527 878 et
544 799 632 892 iusta
662 823 706 876 ex
738 798 850 876 caussa
875 801 998 874 omnia
1025 793 1114 869 sidia
1141 791 1243 866 luisse

34 897 37 906 ’
171 923 197 1000 ’,,
224 904 467 1007 agnoscat-
487 909 578 983 Dat.
598 905 902 1004 Nandor·Albae,
929 906 987 979 die
1015 905 1112 975 dom.
1135 921 1240 996 prox.

99 1104 101 1113 Ι
170 1068 194 1106 „
222 1011 301 1111 post
324 1011 450 1086 festum
470 1019 518 1110 Β.
533 1010 709 1089 Francisci
735 1009 830 1086 conf.
849 1034 945 1084 anno
964 1006 1242 1082 ΜΟΙΠΛΠΙΙ.ω

172 1125 209 1196 A
240 1119 356 1216 prima
389 1119 607 1217 Septembris
636 1121 689 1192 ad.
716 1129 750 1203 8.
778 1137 893 1218 vsque
921 1113 1021 1214 plura
1050 1109 1242 1208 Szegedini

165 1223 370 1322 diplomata
403 1225 522 1318 dedit,
571 1245 646 1323 quo
671 1241 838 1321 tempore
877 1219 1070 1320 Szilagyius
1111 1233 1242 1312 captus

170 1324 266 1402 fuisse
288 1330 444 1402 videtur.
497 1329 567 1402 Die
601 1351 635 1406 ι.
667 1325 794 1400 mensis
819 1323 985 1400 Ostobris
1006 1323 1241 1396 Petro-'Vara-

169 1435 267 1530 dini,
304 1447 339 1522 8.
357 1431 527 1612 Belgruadi
544 1431 680 1507 litteras
706 1429 874 1507 confecit.
927 1431 1016 1503 lnde
1045 1433 1242 1500 Temesua-

481 1561 523 1636 s,
553 1541 605 1612 'ad
631 1533 756 1611 felium
781 1541 815 1610 S.
833 1533 974 1611 Nicolai
1006 1532 1242 1606 contitinSze-

170 1645 343 1744 gedinum
370 1645 512 1718 indixit.
535 1649 597 1741 (a)
650 1639 739 1718 Dat.
766 1647 803 1718 in
830 1641 1033 1734 Temesua‘r,
1049 1639 1151 1736 siria
1168 1627 1241 1706 W.

56 1793 58 1796 ·
161 1769 271 1852 prox.
288 1742 363 1850 pust
384 1745 469 1850 fest.
500 1747 536 1824 S.
559 1747 715 1826 Martini
740 1745 784 1822 E.
814 1769 847 1824 tt
880 1745 916 1819 C.
951 1746 1002 1819 A.
1028 1742 1077 1817 I).
1109 1734 1239 1814 Mil)-

170 1852 310 1930 LVIII.
361 1856 555 1954 Praecipua
583 1853 831 1954 cogendorum
859 1853 1092 1924 comitiorum
1123 1837 1239 1918 caussa

169 1957 258 2054 suit,
292 1977 334 2034 vt
362 1955 563 2059 progressus
587 1963 783 2030 Turturum
814 1955 1017 2030 sisterentur.
1060 1948 1238 2024 ¹Currenti
1335 1967 1336 2030 i

169 2065 330 2142 Mathiae
370 2063 485 2138 calcar
520 2063 655 2136 addidit
684 2065 768 2134 Pius
799 2058 1050 2160 il.=pontifeit,
1094 2061 1242 2128 Aeneas

169 2167 300 2242 Siluius
330 2187 434 2254 antea
463 2165 600 2263 didius,
634 2167 699 2269 qui
723 2189 781 2260 19.
801 2167 926 2241 menis
954 2162 1109 2264 Augusti
1136 2154 1244 2233 Calli·

88 2325 90 2332 .
169 2271 222 2346 flu
250 2271 437 2370 suffedius,
463 2298 497 2370 3.
519 2277 616 2372 Sept.
644 2293 865 2367 coronatus,
903 2267 1069 2370 postridie
1096 2262 1238 2340 litteras

168 2377 214 2452 ad
242 2379 420 2450 Mathiam
449 2379 570 2471 dedit,
596 2395 633 2451 et
657 2377 853 2450 ad'lurcas
877 2376 1125 2474 reprimendos
1148 2391 1236 2444 con·
1334 2479 1335 2482 Ἴ

170 2499 322 2598 uentum
348 2487 540 2558 Mantuam
556 2482 707 2578 indixit,
735 2479 806 2554 kal.
831 2479 1009 2556 octobris,
1026 2473 1085 2576 ib)

275 2673 327 2781 A.
360 2703 396 2779 c.
427 2651 903 2800 1459.Ma2i.a.,1na.7.
935 2701 1051 2800 ως.
1070 2697 1139 2786 M..

269 2897 408 2972 CCXL.
434 2883 610 2998 Mathias,
644 2860 839 2996 plurintum
876 2893 1095 2997 gratulatus,
1123 2897 1234 2974 talem

169 2998 334 3080 ecclesiae
352 3007 536 3076 Romanae
575 3001 787 3106 pontificem
818 3000 999 3102 obtigisse,
1027 3006 1089 3099 qui
1128 3021 1235 3095 tanto

139 3123 149 3136 '
167 3109 283 3184 fludio
308 3109 512 3206 Hungariae
540 3129 693 3210 regnum
717 3130 754 3182 et
775 3105 906 3184 bellum
921 3111 1116 3182 Turcicutn
1136 3132 1236 3184 com-

166 3207 405 3311 plesletetut,
430 3209 501 3310 ipse
532 3233 681 3316 quoque
710 3231 808 3290 tutus
841 3217 880 3286 in
906 3217 943 3288 id
968 3215 1158 3310 incubuit,
1193 3235 1238 3292 vc
1333 3225 1334 3304 i

164 3315 353 3394 militatem
385 3313 630 3416 disciplinam,
656 3322 700 3393 ad
732 3317 862 3393 bellum
887 3317 975 3393 illud
1014 3322 1080 3394 rite
1111 3343 1241 3422 geren·

167 3423 255 3496 dum
280 3418 525 3518 necessariam,
551 3424 772 3498 instauraret.
825 3425 991 3502 Comitiis
1012 3428 1122 3528 igitur
1146 3451 1167 3498 a
1197 3434 1238 3502 6.

164 3531 377 3604 Decembris
406 3529 488 3600 anni
513 3525 698 3627 superioris
727 3531 770 3601 ad
799 3530 905 3605 huius
936 3533 1079 3608 initium
1105 3529 1241 3632 predu-

83 3712 92 3749 Χ
165 3629 299 3732 &im
339 3631 490 3720 consilio·
518 3642 621 3736 tegni
653 3657 846 3742 procerum
883 3640 926 3713 ad
961 3639 1122 3723 militiam
1163 3639 1236 3714 rite

1052 3743 1181 3822 consti·
1332 3795 1333 3804 κ

208 3923 255 4031 (a)
282 3921 684 4056 tudunuunucp
709 3983 778 4066 ιη.
809 3954 965 4071 (sinu,
995 3917 1239 4036 ciffi

261 4075 495 4144 P·153···¹7t·
562 4079 563 4084 ’
