2664 4398
343 161 608 338 ’.ΙΒΕΧ
659 169 790 314 xllx.
936 247 938 260 ·
1057 253 1132 345 ¹95
1271 334 1276 342 Ι

100 391 265 493 ualebat,
294 415 393 472 arma
423 393 620 474 sumerent.
673 391 813 476 Datum
837 390 955 494 Zalii,
978 397 1071 474 noua
1086 401 1184 504 regia

90 497 311 606 fiabfigida,
324 496 456 603 infesta
466 499 511 576 B.
527 500 696 580 Andreae
710 519 864 604 apinam
878 499 965 578 dom.
983 501 1035 576 M
1034 499 1185 578 CCCCI.

103 607 307 706 Captiuims
325 607 437 710 igitur
463 608 596 682 eodem
621 629 719 681 anno
745 627 878 709 coepta
902 605 1074 708 finitaque
1099 603 1188 704 fuit,

102 713 213 812 etiam
236 712 276 784 in
304 711 504 812 patriorum
534 713 791 788 chronicorum
835 714 1037 800 sententiar
1073 713 1183 788 cuisr

100 807 379 900 §Vindekianam
411 817 458 892 de
496 811 785 895 hebdomadiuus
815 833 875 909 18.
909 817 1059 920 iungere
1097 817 1185 894 veli·

105 941 216 1019 mus,
243 919 371 998 eadem
386 979 393 1012 ·.
406 919 468 996 sub
498 924 637 1000 exitum
654 920 790 1024 Aprilis
816 923 982 1020 initium,
1015 921 1077 998 sub
1110 947 1186 999 me·
1247 920 1257 1026 ¹.
1289 1016 1291 1024 Ι

99 1029 201 1128 dium
239 1019 397 1128 Augusti
442 1025 553 1102 finem
594 1029 731 1104 habuit.
809 1031 971 1104 Interim.
996 1027 1183 1104 Ladislaus

88 1131 396 1232 Dyrrhachium,
421 1127 509 1212 licet
544 1133 624 1234 post
660 1130 801 1210 cladem
826 1129 1125 1233 Nicopolitanam
1160 1159 1183 1213 a

96 1233 245 1317 fiffiofis
284 1237 481 1333 inuitatus,
523 1241 648 1316 venire
674 1249 813 1314 'tamen
849 1237 951 1314 austu
990 1261 1069 1314 non
1109 1237 1182 1338 est,

96 1345 230 1444 partim
253 1363 346 1418 nece
375 1345 485 1444 patris
514 1345 689 1440 territus,
731 1345 883 1444 partim'
902 1345 1178 1443 Andegauenlis

96 1444 253 1524 fifflone
291 1450 391 1538 domi
426 1451 608 1526 detentus.
659 1451 716 1522 At
742 1447 932 1552 postquam
973 1449 1030 1522 hic
1059 1451 1182 1522 Ludo·

96 1555 201 1654 uicus
222 1552 496 1656 Andegauensss
522 1575 567 1631 ex
587 1550 688 1630 ltalia
708 1548 872 1652 receffit²
913 1573 955 1630 et
992 1551 1178 1630 Ladislaus

96 1681 189 1755 rex,
215 1677 257 1732 vt
284 1659 476 1733 Turotzius
502 1655 690 1759 loquitur,
721 1665 780 1755 (a)
825 1657 1090 1766 Sigismundam
1121 1685 1177 1738 ca·

88 1780 192 1866 ptum
229 1759 404 1866 stramqae'
426 1780 569 1865 partem
609 1759 815 1861 inualescere
850 1765 1027 1858 audiuit5
1078 1763 1185 1870 quast

66 1885 250 1970 .pramtar
276 1865 554 1970 resumpturus,
581 1875 785 1944 vorantium
807 1869 967 1973 fleiiitar
989 1875 1106 1967 vatis,
1139 1891 1174 1948 at

94 1973 394 2080 celeri'apparata
403 1971 545 2076 firmio,
572 1971 803 2080 Huagariam
828 1971 945 2074 verfirs
968 1979 1038 2054 iter
1069 1981 1179 2054 caari·

93 2081 234 2156 naaait.
288 2083 409 2156 fluum
430 2097 574 2186 autem,
606 2079 758 2154 Veneris
775 2081 928 2178 inuitis,
967 2077 1000 2156 se
1026 2078 1174 2154 liberam

93 2181 367 2287 nauigationem
392 2183 438 2261 ad
467 2185 622 2260 ditiones
658 2187 880 2286 Hungaricas
911 2184 998 2261 'non
1031 2183 1174 2260 habitu·

93 2312 174 2363 rum
214 2290 435 2390 prouiderit3
490 2289 687 2391 Corcyram
733 2287 883 2364 insulam
923 2291 966 2364 iis
1001 2291 1167 2364 vendidit
1238 2331 1243 2341 ·
1307 2298 1311 2310 '

93 2417 154 2498 30.
182 2391 340 2470 millibus
366 2397 601 2490 ducatorum,
632 2415 674 2470 ut
700 2396 835 2470 Lucius
872 2397 1060 2494 perhibet,
1102 2389 1168 2491 (b)

92 2525 184 2590 aaran
202 2522 314 2599 1401.
367 2501 437 2575 Sed
464 2503 585 2598 enirn,
618 2502 726 2597 licet,
750 2501 903 2597 'Venetis
928 2501 996 2574 hac
1017 2501 1070 2574 rei
1092 2521 1171 2574 non

92 2603 173 2686 sure
202 2607 418 2682 venditione
444 2605 505 2679 fibi
535 2602 755 2702 conciliatis,
792 2623 913 2677 tutum
951 2607 1024 2680 iam
1051 2603 1171 2678 transt-

91 2729 171 2788 tum
199 2733 266 2810 per
290 2699 519 2786 Adriaticum
550 2731 648 2786 mare
679 2708 1033 2810 sibigprocuraueritr
1069 2711 1167 2808 prius

92 2835 216 2892 tamen
232 2840 298 2892 -res
326 2819 440 2918 magis
464 2813 703 2914 explorandas
729 2833 854 2911 ratus,
882 2815 956 2914 ipse
976 2817 1049 2890 hac
1070 2811 1168 2888 anho

91 2917 260 2996 nondum
298 2925 365 2998 iter
393 2917 591 3023 ingreffus,
627 2937 669 2996 vt
704 2919 842 2994 ibidem
872 2922 1008 2996 Lucius
1035 2915 1166 3016 refert,

91 3025 184 3126 Aay
213 3031 272 3106 raa
315 3021 617 3126 Aldemariscum,
660 3021 876 3102 admiratum
908 3021 1038 3125 stram,
1086 3047 1166 3098 cam

89 3129 139 3206 'cla
168 3156 186 3207 e
213 3156 248 3230 ς.
270 3137 470 3213 triremium
490 3135 524 3212 it
546 3135 650 3207 vairas
669 3123 840 3226 biremis,
865 3131 1068 3234 amplifflma
1087 3151 1167 3202 cum

90 3319 95 3328 ,
205 3243 317 3340 itata,
369 3245 408 3316 ia
444 3233 667 3312 Dalmatiam
710 3234 813 3336 misa.
868 3237 1067 3309 Quomodo
1106 3233 1167 3306 hic

92 3341 259 3420 muman
287 3340 482 3418 maritimas
507 3343 673 3415 ciuitates
698 3343 925 3436 adiunxerit,
950 3335 1095 3415 Paullus
1115 3338 1162 3412 de

90 3443 214 3522 Paullo
244 3445 407 3552 pluribus
432 3444 611 3542 recenset,
637 3467 658 3519 e
684 3448 813 3546 quibus
843 3467 958 3546 pauca
990 3445 1049 3517 hic
1079 3439 1163 3520 deli·

89 3551 264 3634 habimus.
319 3561 375 3653 (c)
396 3549 447 3626 M
448 3547 881 3644 CDIl-XXIVf-Au
906 3547 1074 3626 .iueraat
1088 3573 1182 3635 amn

89 3651 295 3758 brisciatares
324 3677 393 3764 pra
424 3664 596 3734 communi
623 3653 747 3736 Iadrat
770 3653 821 3734 ad
832 3721 834 3728 .
885 3679 1010 3762 anime
1043 3657 1163 3752 vairia-

415 3755 1107 3882 ¹N2A⁴daaa

4 4095 6 4106 “
89 4093 96 4102 ’
177 4095 745 4180 [ananauvmmare-yar
