2664 4398
195 213 305 286 ,roe
491 154 835 292 u'vnomols
888 145 978 276 ιι
1088 229 1092 236 -

172 370 263 442 riam
283 366 529 444 transmittens
536 403 609 464 ,·-
630 363 680 442 ad
710 360 895 468 regendum
924 353 1033 463 rpfirm
1067 385 1239 468 reguum,

150 464 230 574 ,Μ
254 476 390 585 norpinr
413 490 447 546 ct
463 469 565 546 titulo
581 463 670 568 suae
697 463 908 568 maieslatis,
926 463 998 568 sub
1028 472 1139 542 certis
1159 484 1237 568 'pa-

170 575 234 654 riis
257 595 295 654 er
302 571 488 676 seruitiis,
511 599 587 651 cum
606 572 738 681 gaudio
767 571 907 672 remisit.
938 575 996 670 (a)

263 783 403 858 LXXX.
430 780 548 859 Metus
568 783 781 872 amittendae
813 781 1033 890 Emporiae,
1073 785 1176 858 cuius
1199 785 1239 860 in

128 959 132 992 ÷
169 883 314 986 epistola
344 885 404 962 sua
440 892 493 962 M.
523 891 731 964 Viterbinus
767 889 951 986 meminit,
1002 885 1146 962 aliunde
1172 894 1239 965 vix

170 1011 273 1067 ortus
297 988 427 1088 firerit,
470 1018 630 1093 quamss
664 989 875 1071 succeffibus
905 994 1130 1089 Turcarum,
1173 1003 1240 1096 qui

167 1093 299 1172 multas
325 1101 497 1198 deinceps
542 1099 707 1176 historiae
732 1099 957 1198 Hungaricae
980 1099 1140 1197 [paginas
1170 1103 1239 1174 im·
1320 1155 1321 1158 κ

168 1199 332 1304 plebuot.
385 1206 433 1277 Hi
454 1207 611 1303 primum
630 1206 676 1280 e'x
699 1205 832 1280 vlrimis
858 1201 959 1278 Asiae
977 1201 1106 1276 finibus
1126 1204 1239 1308 egres·
1320 1205 1321 1210 ’

169 1305 218 1399 fi,
245 1305 365 1386 seculo
385 1313 479 1384 v111.
500 1334 585 1384 cum
610 1313 792 1384 Saracenis
815 1309 847 1384 se
866 1309 1159 1406 coniunxerunt,
1181 1314 1239 1384 iis·

124 1443 131 1460 ·
169 1434 241 1512 que
265 1411 412 1490 subinde
428 1415 656 1514 potentiores
677 1413 814 1512 effeffi,
839 1401 1064 1488 Mahometis
1086 1412 1236 1514 deliria,

167 1520 228 1617 qui
254 1521 394 1619 rapinas
417 1539 455 1596 et
477 1521 589 1596 camis
617 1517 800 1596 illecebras
839 1519 906 1594 suis
933 1513 1161 1593 senatoribus
1183 1523 1237 1594 in·

171 1621 367 1725 dulgebat,
404 1623 559 1724 amplexi
586 1623 677 1702 sunt.
729 1629 793 1699 His
816 1625 925 1724 igitur
958 1621 1072 1701 illiciis
1103 1628 1236 1700 mirum

171 1747 349 1834 quantum
379 1728 491 1827 ouili,
514 1755 629 1832 quum
654 1755 765 1807 omne
785 1730 884 1805 suum
906 1733 962 1804 ius
978 1732 1140 1816 inarmis
1169 1733 1239 1814 cir·¹

167 1831 403 1924 cumferrent3
431 1835 535 1911 Asiae
558 1839 629 1912 iam
655 1831 869 1935 Africaeque
893 1857 1023 1937 magna
1045 1855 1146 1933 parte
1172 1857 1236 1935 po·
1322 1845 1323 1888 ³

165 1935 243 2036 titi',
276 1944 422 2016 tandem
450 1945 560 2035 etiam
591 1945 629 2018 in
645 1949 829 2042 Europam
860 1938 979 2036 affui,
1006 1935 1237 2014 nobilillimas

166 2047 242 2120 eius
261 2049 468 2147 prouincias
503 2047 562 2122 fibi
586 2049 827 2122 vindicarunt.
878 2045 1070 2147 Postquam
1110 2063 1236 2120 autem

170 2149 340 2250 Ortman,
385 2149 533 2226 sabanis
569 2155 751 2227 omnibus*
787 2149 970 2251 calyphis,
1008 2173 1150 2225 nouum
1195 2152 1237 2226 in
1323 2192 1324 2196 η

165 2254 316 2331 Natolia
354 2259 598 2358 principatum
635 2256 823 2346 constituit
856 2279 954 2332 anno
999 2277 1111 2358 1393.
1153 2279 1236 2330 non

166 2361 237 2432 iam
267 2357 437 2464 calypha,
464 2361 523 2436 sed
539 2360 726 2464 filtanio,
757 2361 909 2438 seu'rex
936 2385 1085 2463 regum,
1116 2356 1240 2459 appel-

165 2463 229 2539 lari
252 2463 392 2563 voluit,
422 2465 548 2566 aquo
577 2489 715 2540 nouum
737 2473 879 2542 Turcae
913 2489 1049 2542 nomen
1076 2463 1237 2544 Onoma-

167 2593 288 2646 norum
316 2589 545 2672 acceperunt.
598 2573 711 2646 Huius
747 2569 857 2670 filius,
904 2567 1077 2648 Orclanes
1105 2571 1238 2646 Ioanni

117 2767 121 2778 ¹
167 2673 421 2752 Cantacuzeno
451 2697 581 2752 contra
620 2681 793 2752 Ioannem
821 2673 1082 2778 Palaeologum
1121 2697 1236 2774 opem

167 2777 315 2854 ferendo
358 2779 561 2882 Callipolim
603 2806 700 2858 anno
752 2791 864 2877 1356·
885 2786 1000 2859 'huius
1039 2777 1235 2876 succelsor,

166 2881 419 2984 Amandus„
447 2887 723 2988 Adriaoopolim
758 2891 954 2989 occupauit
990 2910 1086 2962 anno
1117 2905 1237 2982 1359.

167 2983 239 3092 Ipse
255 2989 445 3086 Arinates,
471 2995 591 3091 inquit
623 2995 837 3091 Tmotzius,
864 2989 924 3087 (b)
955 3015 1022 3080 non
1056 2989 1113 3090 id,
1143 2987 1242 3094 quod

158 3093 318 3199 promisa
329 3124 346 3191 ,·
360 3093 452 3196 sed,
484 3095 654 3202 quodfibi
664 3097 770 3200 prode
799 3126 815 3176 e
834 3093 924 3204 poffe
935 3091 1130 3202 sperabat,
1157 3099 1238 3170 ani·

118 3285 120 3289 ,
167 3225 220 3277 nm
249 3197 418 3278 uoluebat.
469 3207 625 3278 loannes
652 3205 801 3302 quidem
821 3205 1096 3280 Cantacuzenus
1122 3195 1237 3294 ¹vltro

14 4255 143 4368 ι.

166 3313 362 3406 purpuram
394 3309 534 3408 posuit;
576 3305 634 3384 led
660 3312 815 3384 Ioannes
848 3307 1106 3410 Palaeobgus,
1150 3327 1237 3382 eam

165 3425 392 3510 retenturus,
415 3413 543 3493 auxilia
572 3411 822 3488 finitimorum.
838 3417 1044 3513 principum
1074 3407 1241 3484 Christia-

163 3535 323 3610 norum,
361 3541 401 3594 ac
434 3521 597 3617 inprimis
628 3519 806 3597 Ludouici
835 3524 879 3592 H.
919 3525 959 3594 R.
991 3515 1240 3618 implorabat,

168 3615 379 3720 pollicitus,
404 3621 436 3698 se
452 3631 652 3698 Romanam
679 3627 852 3698 unionem
880 3621 1136 3722 amplexurum.
1175 3627 1243 3698 Sa·

152 3727 214 3797 'tis
237 3727 310 3800 hoc
336 3723 644 3829 Ludouico'fuit,
685 3745 728 3804 vt
754 3728 850 3805 suam
891 3731 1017 3803 eidem
1051 3751 1160 3828 opem
1197 3745 1242 3804 et

1029 3857 1178 3934 operam

170 3999 547 4022 mm
1043 4003 1239 4024 Ἠ

210 4049 736 4144 (elffii-Cb}-ll·1³·‚³65···3⁸5·
780 4057 827 4144 (l)
849 4059 964 4133 Cliton.
982 4059 1017 4127 Ρ.
1033 4058 1093 4124 111.
1115 4075 1179 4138 cap·
1203 4073 1239 4131 8.
