2718 4392
1058 31 1168 130 't

226 239 301 328 32³
371 177 392 252 ⁷
490 237 839 316 unorsnavs
892 247 935 318 v.
987 307 989 314 ,

273 397 430 478 ΝΩΟΧΝ.
459 407 650 480 Turotzius
675 407 808 484 bellum
834 411 907 486 hoc
931 416 1157 486 cum-Tur'cis
1189 435 1247 511 ge·

93 533 95 546 ·
174 499 266 577 stum
290 509 358 602 ait,
387 510 444 603 (a)
472 531 597 612 quarto
624 515 874 614 gubernatoris
902 539 1028 613 tuno,
1058 521 1162 592 cuius
1185 521 1247 592 ini·
1353 511 1354 514 '

173 611 623 717 tiumadannum1'445.
651 616 920 697 mdedefixie
958 627 1039 696 Hoc
1060 625 1156 697 enim
1188 647 1247 698 tn·
1353 619 1354 646 ³

175 736 256 808 no,
279 737 360 790 non
381 717 578 819 sequenti,v
597 715 671 824 q'ui
688 745 836 827 quartus
872 730 948 802 eius
975 728 1247 828 gubernationis

173 837 271 914 erat,
309 821 490 900 infelicem
518 829 611 904 hanc
632 833 900 931 expeditionem
923 831 1114 932 susceptam
1136 830 1247 930 suiile,

173 945 251 997 non
282 943 428 1002 tantum
458 929 559 1030 plura
585 933 796 1037 scriptorum
830 931 1060 1034 testimonis,
1094 936 1149 1012 sed
1177 937 1249 1037 ipsa
1353 957 1354 960 ’

173 1049 324 1128 quoque
347 1036 598 1136 gubernatoris
626 1039 772 1142 epistola
790 1044 927 1141 docet,
955 1067 1027 1144 qua
1047 1042 1247 1118 Nicolaum

143 1141 147 1148 '
174 1135 380 1236 decanum,
409 1140 509 1216 suum
529 1147 664 1220 Romae
690 1145 875 1248 legatum,
902 1151 947 1224 de
971 1147 1117 1224 fortuna
1143 1142 1249 1222 huius

175 1233 256 1312 belli
285 1241 487 1322 certiorem
501 1250 552 1323 ita
571 1247 674 1327 facit:
696 1247 755 1348 (b)
782 1299 806 1340 ‚,
820 1292 873 1312 -
898 1259 958 1330 Ne
977 1257 1062 1329 varii
1079 1255 1248 1348 rumoris,
1320 1277 1323 1282 ¹

174 1395 199 1438 „
226 1363 269 1418 vt
285 1347 411 1446 fit,·te
444 1351 631 1432 inuoluere
652 1375 887 1446 teneant3-
926 1358 1080 1461 placuit,
1112 1377 1153 1432 ut
1184 1355 1245 1432 sal·

176 1467 305 1554 „tem
346 1458 468 1532 reditu
501 1459 622 1536 nostro
636 1499 688 1520 -
721 1483 759 1538 te
796 1481 999 1567 vtcumque
1037 1463 1248 1540 solaremur:
1353 1545 1354 1554 χ

174 1609 200 1650 ,,
227 1581 293 1660 quo
323 1562 490 1662 inprimis,
512 1569 646 1644 certior
668 1568 752 1664 fias,
778 1571 846 1646 hac
877 1573 957 1646 uice
990 1591 1058 1646 nos
1082 1567 1247 1643 fortunae

176 1713 200 1752 „
227 1668 366 1764 magis,
393 1689 502 1764 quam
519 1673 629 1746 animi
647 1667 857 1774 poilessione
874 1697 1003 1755 exutos
1013 1670 1025 1750 τ’
1046 1677 1084 1752 in
1104 1677 1247 1768 ceteris,
1353 1677 1354 1680 ‘

176 1809 204 1857 η
228 1789 322 1865 quae
353 1767 438 1871 palli
466 1774 606 1873 sumus,
639 1781 788 1875 diuino,
815 1805 901 1858 non*
919 1783 1082 1861 humano
1107 1774 1249 1880 flagello
1353 1855 1354 1866 ,

175 1923 199 1964 ,,
227 1871 376 1971 gloriam
403 1876 622 1980 laudemque
641 1885 831 1962 tribuimus
872 1889 988 1970 Pridie
1007 1883 1247 1990 penultimam

126 2006 128 2015 ·
176 2027 201 2067 ,,
230 1983 450 2078 Septembris
471 1987 515 2057 ab
543 1989 743 2091 Danubio,
769 2012 807 2068 te
837 1993 1007 2092 vidente,
1033 1991 1146 2068 castra
1173 2013 1251 2062 mo·

178 2123 202 2164 n
224 2103 270 2176 *ta
295 2081 406 2162 fuere.
460 2095 555 2164 Itum
582 2093 710 2168 deinde
735 2114 773 2172 et
792 2097 1040 2198 prouisumde
1067 2097 1250 2172 omnibus.
1353 2141 1354 2164 r

177 2232 202 2274 „
230 2189 391 2266 Demum
423 2213 496 2270 tam
532 2195 695 2274 celeriter
728 2204 773 2275 ad
810 2194 950 2278 hostem
981 2221 1135 2280 ventum
1172 2197 1248 2294 est,
1353 2275 1354 2286 ,

175 2325 202 2384 ts
229 2311 270 2364 vt
295 2300 392 2393 prius
415 2300 611 2399 perficere,
642 2329 753 2402 quam
780 2307 906 2386 sentire
924 2305 1087 2385 laborem
1112 2307 1252 2383 videre·

176 2449 200 2488 ‚‚
228 2419 326 2488 mur:
354 2401 516 2478 laborem
532 2410 612 2483 viae
628 2409 805 2510 dicimus,
836 2439 913 2488 non
936 2437 1094 2517 pugnae.
1149 2413 1252 2484 Nam
1353 2425 1354 2482 ἱ

176 2553 201 2594 ,,
226 2500 274 2586 de
299 2506 499 2584 constantia
523 2535 665 2612 pugnae
691 2534 730 2591 et
752 2519 815 2617 ips:
830 2519 975 2596 hostiles
1002 2518 1101 2593 oculi
1133 2513 1251 2592 confi·

162 2629 200 2692 ‘‚,
229 2611 296 2683 teri
346 2631 517 2713 otmunt,
551 2620 611 2692 vix
640 2645 814 2723 umquam
849 2627 1124 2723 pertinaciorem
1161 2642 1252 2694 con·
1353 2645 1354 2650 ¹

178 2754 202 2798 rr
230 2712 298 2786 tuli
324 2741 354 2794 ez
423 2725 604 2822 Equidem
625 2729 737 2802 XVll.
760 2727 1024 2828 deodatus,
1051 2751 1174 2803 corum
1201 2723 1252 2798 fa·

177 2861 203 2903 ‚,
230 2820 284 2892 cie
310 2823 465 2902 hostium
489 2831 599 2904 castra
638 2837 767 2906 metati
796 2833 935 2912 sumus:
961 2830 1085 2937 praelii
1111 2832 1252 2908 caedis·

175 2949 303 3024 „que
334 2934 507 3030 principia
544 2938 633 3010 inita
658 2939 805 3018 demum
830 2939 963 3041 altera,
1016 2963 1084 3016 uae
1109 2944 1170 3014 Vl.
1198 2933 1253 3015 fe-

175 3079 202 3122 „
228 3034 283 3104 ria
306 3029 386 3109 fuit.
439 3039 560 3114 Primo
598 3067 704 3117 mane
734 3045 878 3119 ordines
913 2969 1058 3142 eruli,
1083 3041 1254 3142 iustaque
1353 3055 1354 3060 ’

176 3139 304 3230 „acie
328 3137 424 3242 signa
444 3144 584 3220 collata.
637 3150 745 3222 Stetit
763 3173 809 3224 eo
840 3152 898 3228 die
928 3150 1129 3231 nostrorum
1157 3151 1256 3222 inui-
1353 3145 1354 3186 ³

100 3269 101 3274 ’
174 3281 200 3322 e
228 3239 306 3321 &us
330 3252 491 3350 animus,
519 3255 637 3328 minus
660 3254 813 3350 cedens,
840 3277 915 3356 quo
943 3257 1159 3358 caedebatur
1182 3255 1257 3328 du·
1353 3259 1354 3318 l

175 3388 199 3429 n
227 3353 311 3425 rius.
364 3351 586 3430 Multaclara
608 3357 733 3433 funera
759 3358 844 3436 hinc
863 3363 948 3436 inde
967 3365 1135 3439 edita-
1170 3363 1255 3434 Ne-
1353 3395 1354 3408 2

94 3447 97 3466 '
171 3448 202 3540 'n
229 3481 293 3534 mo
317 3468 431 3562 vs'que
451 3463 496 3534 ad
515 3463 677 3538 tenebras
699 3469 864 3566 receptui
886 3469 1036 3544 cecinit:
1063 3489 1145 3541 nox·
1170 3464 1253 3563 ipsa
1353 3469 1354 3478 ’

172 3567 201 3663 ’,,
228 3563 376 3664 sequens
397 3561 556 3642 furorem
573 3587 611 3642 et
630 3594 727 3644 arma
749 3573 914 3646 diremit:
942 3575 1005 3650 vbi
1021 3571 1083 3648 etfi
1102 3594 1256 3672 parum·
1353 3661 1354 3672 χ

175 3709 201 3749 ,,
229 3691 293 3766 per
326 3671 522 3750 resederint
551 3671 665 3762 ‘aciem
697 3677 851 3780 ingeniis
885 3671 1009 3754 tamen
1037 3698 1074 3756 et
1109 3677 1257 3750 machi·

1089 3827 1113 3870 ,,
1131 3805 1187 3854 ms

176 4003 1249 4038 mma—mmm

96 4133 98 4138 -
219 4089 271 4173 (a)
292 4091 408 4159 Cliton.
427 4071 525 4164 mlv.
540 4123 602 4185 erp.
619 4114 671 4180 46.
711 4108 752 4186 (l)
777 4107 837 4192 Ap.
854 4105 1128 4206 Sebatum-115
1152 4123 1202 4187 57.
