2718 4392
243 196 319 346 μέ
544 201 900 320 nnrnrn'sn
970 223 973 230 “

188 401 358 496 oulariam
386 415 479 493 hanc
518 431 603 490 cum
611 411 739 491 Turris
768 393 962 492 amicitiam
1000 407 1133 490 facilius
1164 433 1267 514 tege·

191 545 272 612 τοῖς
309 525 392 598 suos
418 544 456 598 et
484 521 557 624 ipse
593 521 732 624 legatos
762 523 806 596 ad
837 539 1062 608 conuentum
1095 519 1266 593 Mantua·

133 657 137 662 ·
181 651 278 706 num
294 633 366 705 iarn
382 653 484 702 anno
512 626 689 729 superiore
713 629 871 725 miserat,
898 631 988 730 qui,
1015 625 1103 704 teste
1119 623 1264 698 Fariato

188 740 249 830 (a)
276 733 340 810 duo
360 729 574 839 postularunt
613 761 634 808 a
646 731 836 836 pontifice,
857 739 1029 836 primum:
1054 787 1080 824 „
1116 749 1156 802 vt
1187 735 1263 820 Ste-

188 891 214 934 „
241 843 361 939 phano
388 842 527 940 regium
551 862 683 912 nomen
714 859 755 936 ae
790 841 953 916 diadema
978 834 1181 920 conferretr
1209 837 1261 910 al·

186 999 212 1040 „
239 965 372 1040 terum,
398 965 438 1018 vt
471 946 563 1019 duos
594 963 711 1018 tresue
737 944 924 1045 episcopos
952 949 1042 1018 ritus
1067 941 1187 1015 Latini
1221 943 1261 1014 in

187 1097 213 1140 „
242 1075 283 1125 ea
320 1051 470 1152 regione
509 1047 765 1144 constitrieret‚
803 1052 866 1150 qui
894 1049 1002 1124 fidem
1039 1042 1258 1124 catholicam

188 1211 213 1253 ‚,
241 1177 432 1230 tuerentur
456 1178 497 1228 ac
517 1176 758 1254 propagarent
767 1181 780 1242 3
806 1175 843 1230 et
862 1157 1048 1255 aquibus,
1073 1157 1135 1258 qui
1155 1153 1260 1230 dein·

187 1309 212 1353 ‚,
240 1279 326 1361 ceps
350 1265 388 1334 in
415 1283 568 1364 regnum
591 1261 843 1358 succederent,
873 1283 911 1334 re
939 1258 1003 1334 alia
1026 1261 1175 1363 insignia
1200 1281 1258 1331 ac·

188 1416 214 1460 „
243 1369 447 1468 ciperent.“
504 1361 546 1444 V
540 1373 654 1476 triffle
677 1363 844 1468 postulato
860 1285 1068 1445 veementer
1093 1365 1259 1442 rachana-

186 1467 333 1574 tumest
366 1469 411 1546 ab
444 1469 638 1551 oratoribus
667 1467 843 1568 Mathiae,
885 1477 981 1580 regis
1018 1471 1258 1578 ildegario,-

186 1593 370 1678 otramnue
387 1584 476 1654 enirn
491 1571 652 1678 stapremo
684 1601 805 1680 regum
832 1575 954 1684 Hung.
991 1583 1132 1678 imperio
1154 1573 1258 1680 ‹affice-

186 1703 224 1760 νε
246 1678 441 1760 videbatur.
495 1685 616 1754 Quum
640 1681 683 1752 ad
700 1683 875 1756 Mathiam
904 1681 985 1782 falso
1017 1705 1161 1756 rumore
1180 1703 1259 1779 per-

186 1785 300 1878 latum
329 1785 466 1886 furder,
504 1785 714 1886 pontificem
745 1785 929 1886 postularis
963 1791 1038 1861 eius
1074 1781 1257 1872 annuisse5

187 1893 247 1966 hic
271 1889 429 1994 primurn
451 1895 599 1994 quidem
624 1889 745 1990 legato
774 1889 858 1990 suo,
883 1916 958 1974 rem
995 1889 1095 1964 aliter
1133 1893 1165 1966 se
1197 1893 1243 1964 ha

187 2000 293 2093 bere,
324 1997 555 2100 significauit,
583 1993 645 2091 (b)
671 1995 790 2094 Senis,
825 1995 906 2074 XII.
936 1997 1093 2093 Martii,
1119 2023 1178 2074 an.
1210 1935 1260 2070 In

187 2103 319 2178 deinde
347 2125 436 2179 vero
465 2099 698 2200 suspicionem
723 2125 870 2176 omnem
892 2105 1072 2179 exanimo
1092 2103 1258 2177 Mathiae
1339 2147 1340 2150 =

189 2208 244 2286 his
270 2205 399 2283 litteris
422 2206 566 2284 euulsrt:
596 2211 651 2302 (c)
690 2255 716 2300 „
745 2209 888 2282 Timere
917 2205 1088 2282 cernendo
1116 2228 1179 2280 tua
1208 2211 1259 2280 vi‘·

189 2366 214 2407 „
242 2312 348 2387 detur
373 2338 436 2414 per
457 2311 673 2405 litteras‚-
703 2337 747 2386 ne
776 2333 926 2413 propter
952 2315 1148 2388 aduentum
1180 2337 1258 2388 ora·

188 2469 213 2510 ‚‚
240 2433 362 2490 torum
389 2415 644 2510 Bosnenfium,
690 2421 733 2490 ad
770 2421 1028 2496 concedendos
1056 2415 1104 2490 illi
1139 2443 1257 2519 regno

186 2569 212 2614 „
241 2520 451 2624 episcopeo,
490 2520 716 2620 dandamque
748 2523 913 2598 Thomae
936 2527 1013 2624 regi
1051 2548 1256 2620 coronam,

188 2680 213 2720 ‚,
241 2623 360 2703 Faciles
393 2645 493 2701 aures
522 2627 775 2728 praebeamus3
802 2629 970 2726 credens,
1008 2633 1133 2704 omnia
1166 2631 1258 2704 haec
1338 2709 1339 2712 Ἴ

188 2779 212 2822 2,
240 2735 285 2808 ad
308 2727 497 2807 velandam
516 2733 728 2832 proditionis
753 2729 832 2808 suae
855 2731 1037 2808 infamiam
1062 2737 1256 2832 pertinere.
1338 2819 1339 2825 ἵ

187 2884 209 2923 ‚‚
238 2841 319 2914 Nos
345 2855 487 2934 autern,
519 2831 690 2910 earissime
717 2835 787 2932 fili,
817 2861 889 2912 non
909 2839 1099 2934 itasumns
1124 2839 1254 2912 harum

188 2991 210 3030 „
238 2967 358 3018 rerum
384 2941 518 3045 ignari,
547 2959 609 3015 aut
628 2943 672 3014 ad
700 2945 849 3042 gratiam
869 2941 1010 3042 faciles,
1034 2965 1073 3020 vt
1099 2968 1177 3020 non
1198 2969 1258 3026 ex·

107 3095 109 3098 -
185 3102 209 3143 „
238 3051 450 3146 timeamus,
478 3061 570 3144 quae
594 3046 692 3145 sequi
720 3071 764 3122 ex
794 3046 1023 3124 conceffione
1050 3049 1261 3124 huiusmodi

184 3153 212 3238 ‚r
237 3157 385 3232 vlterius
422 3149 632 3252 poiient.··-
650 3185 702 3209 ·-
747 3155 833 3226 Dat.
867 3143 1051 3252 Petriolis,
1089 3153 1257 3234 Volater.

183 3313 208 3354 „
237 3265 353 3336 dioec.
376 3258 453 3332 VH.
475 3255 555 3330 lun.
582 3275 639 3332 an.
664 3259 706 3330 11.
725 3263 747 3302 ‘⁴
765 3255 830 3362 (d)

280 3465 501 3545 cernam.
529 3441 697 3568 optimos
725 3483 803 3541 ram
830 3471 882 3542 en
911 3461 1115 3572 pontificis,
1142 3487 1256 3569 quam

182 3579 337 3654 Marinae
375 3578 467 3674 regis'
509 3576 672 3645 adoerius
692 3577 830 3648 ancas
867 3591 1023 3650 conatus
1058 3571 1257 3676 plurimum

180 3679 464 3757 sufflaminarunt
491 3675 715 3752 diffenfiones
742 3677 844 3777 iliae,
883 3707 975 3782 quae
1002 3707 1123 3782 regem
1154 3681 1257 3754 hunc

1111 3809 1199 3860 cum

220 4007 270 4085 (a)
291 4003 377 4085 rnyr.
396 4003 421 4064 a
440 4007 543 4074 '1·.1v.
567 4027 596 4092 p.
622 4025 669 4092 ης.
706 4003 750 4089 (r)
772 3963 1256 4093 mamm

270 4105 478 4188 widona
519 4100 1122 4204 (1)rna.cr.r.x1v.p.‘;2r·.-34i.
1154 4125 1159 4132 ·

1333 4199 1336 4355 i
