2580 4376
369 141 501 278 ‘nox
553 175 772 280 xxx‘vrr.
985 204 1095 310 osa
1167 143 1193 156 '¹

59 421 83 466 „
105 365 235 454 soluere
256 386 295 446 et
317 370 527 476 liberare-
542 372 769 471 dignaremur
779 394 791 456 3
816 369 986 467 maxime,
1005 393 1119 470 quum
1190 359 1191 369 ’

60 522 83 560 „
107 478 148 552 de
179 473 377 577 praesenti,
403 479 474 554 iuri
515 495 552 550 et
577 477 635 558 ele·
645 473 745 548 aioni
779 471 989 574 legitimae,
1030 499 1123 576 quae

57 635 82 673 ,‚
105 583 147 656 de
179 581 325 682 persona
351 583 468 658 nostra
500 575 762 681 Pol'o'niifatia
791 583 863 674 est,
885 611 888 616 ·
910 578 1037 678 sponte
1066 605 1124 654 ac·
1168 636 1178 652 ..

57 741 81 778 „
105 685 329 775 telierit3-
369 691 576 760 idcirco—r
611 686 730 760 eidem
770 684 937 784 episcopo
976 685 1122 784 culpam

59 839 83 884 η
108 815 253 869 omnem
271 783 610 868 -rrremifirnun-
634 795 720 864 Dat.
751 792 788 862 in
821 793 969 866 ciuitate
1009 788 1125 866 nostra

57 945 84 986 ,,
111 899 287 996 Viennae,
318 900 376 972 die
395 919 459 992 29.
483 898 585 992 Iulii,
613 917 709 970 anno
734 915 847 991 1527.
863 909 887 948 ‘⁴
940 892 1009 970 Vel
1037 898 1123 970 hinc

58 1022 231 1100 apparet,
262 1001 442 1101 violente,
469 1027 537 1077 nec
572 1004 678 1074 bonis
705 1003 861 1097 artibus,
893 1021 1121 1097 procuratam

52 1103 147 1180 fuisse
180 1111 455 1182 coronationem
487 1109 631 1182 loannis
670 1103 872 1204 Zapolyae‚
928 1110 1030 1180 cuius
1056 1099 1125 1180 ¹ros

57 1211 185 1286 dehinc
213 1237 298 1286 cum
319 1213 595 1287 Ferdinandaeis
632 1211 684 1284 ita
705 1204 908 1286 'connexae‘
948 1210 1047 1308 sunt,
1083 1231 1124 1284 vt
1169 1245 1173 1258 ·

56 1319 209 1392 narratio
231 1341 381 1418 quoque
401 1341 520 1392 rerum
541 1317 749 1396 earumdem
787 1319 1045 1416 coniungenda
1075 1320 1127 1390 vi·

57 1423 193 1498 deatur.
259 1427 414 1498 loannes
460 1415 592 1522 porro,
635 1423 777 1497 Budam
807 1419 904 1504 Alba
941 1418 1124 1517 reuersus,

55 1526 332 1626 Eperiefinenses
357 1527 403 1600 de
428 1525 566 1601 refi'duo
585 1529 760 1627 pecuniae
788 1524 959 1602 soluendo
978 1551 1041 1626 per
1069 1525 1127 1598 lit-

55 1651 146 1706 teras
173 1635 389 1731 admonuit,
428 1639 487 1726 (a)
515 1638 554 1708 in
578 1627 669 1729 sesto
705 1629 750 1704 B.
780 1631 963 1708 clementis
989 1647 1125 1732 papae,

53 1761 112 1813 an.
140 1735 226 1814 dom.
248 1747 360 1836 1526.
409 1739 555 1836 Litteris
583 1736 658 1812 aliis
691 1732 907 1810 solutionem
926 1735 1003 1810 illis
1039 1733 1127 1812 rela-

51 1845 176 1936 xauit,
202 1845 376 1950 Strigooir'
392 1899 405 1940 ,
417 1841 493 1941 fer.
514 1860 551 1941 4
569 1861 675 1944 prox.
696 1860 776 1922 aare
795 1839 889 1944 fill-¹
910 1841 948 1917 S.
978 1837 1127 1918 Thomoe

55 1943 159 2050 apost.
188 1947 249 2046 (b)

149 2167 290 2244 GDXH.
317 2171 426 2246 Quod
452 2173 488 2245 in
517 2167 589 2244 fin'e
617 2192 745 2270 regum
765 2171 990 2272 Arpadianae
1017 2170 1130 2274 llirpis

55 2275 463 2374 praemonitorium,
481 2274 648 2351 absolutis
673 2277 805 2350 mixtae
833 2273 946 2376 stirpis
969 2281 1128 2382 regibus,
1153 2344 1158 2364 ,

52 2379 236 2479 agendum
265 2379 353 2476 rati,
384 2377 593 2480 scriptores,
631 2380 695 2480 qui
713 2383 944 2481 praecipuam
973 2384 1040 2458 hac
1069 2408 1130 2482 pe·
1232 2409 1238 2422 ·

49 2485 160 2558 riodo
191 2487 303 2558 mixta
323 2488 536 2562 memoriam
563 2505 768 2581 merentur,
795 2489 1015 2563 exhibemus.
1045 2493 1129 2564 1Pri-

48 2609 134 2662 mus
152 2592 196 2662 e'x
213 2591 268 2678 his
293 2593 451 2664 occurrit
469 2593 756 2666 ANONYMVS
783 2594 1039 2668 chronieorum
1070 2619 1129 2694 pa·
1210 2634 1214 2643 ·

45 2696 205 2766 ,triorum
231 2689 381 2797 tutior,
406 2718 515 2794 quem
546 2695 740 2769 Turotzius
768 2695 867 2769 suum
895 2697 1129 2774 describendo
1222 2721 1224 2724 ·

47 2796 150 2874 sctit.
194 2802 329 2886 Nam,
360 2818 402 2874 vt
428 2789 519 2874 ben'e
546 2781 673 2871 Petrus
700 2804 912 2886 Lambecius
940 2801 1128 2900 obferunt,

48 2907 114 2999 (c)
129 2899 230 3000 fialstr
254 2899 413 2980 haetenus
428 2932 451 2978 a
475 2901 682 3009 quibusdam
711 2905 883 2982 creditum
911 2902 979 3004 est,
1033 2907 1148 2982 loon-1

46 3033 131 3084 nem
147 3007 353 3084 Turonium
369 3049 420 3064 -
446 3014 554 3112 'operis
573 3004 703 3110 illius,
727 3007 891 3111 quodsrrb
906 3011 1009 3088 titulo
1028 3017 1132 3102 chro-

46 3116 159 3188 nieae
178 3119 435 3216 Huugarorum
453 3113 585 3208 edidit,
614 3131 753 3214 partem
772 3114 811 3192 ,12
839 3138 873 3192 et
895 3114 945 3217 ll.
954 3113 1022 3215 fico
1039 3143 1136 3194 otor·

45 3237 99 3306 te¹
117 3239 154 3294 et
167 3216 291 3322 fioopte
316 3225 454 3328 ingenio
490 3215 725 3319 oonscrrpfiffe.
782 3218 1003 3298 Contrarium
1040 3229 1132 3300 enim

44 3315 262 3426 demonstror
284 3321 512 3431 augustifflma
533 3319 742 3402 bibliotheca
771 3321 925 3424 caesarea
961 3323 1134 3411 Vindobo-

43 3427 193 3532 menso,
218 3447 336 3532 utpote
360 3438 398 3508 in
433 3455 502 3532 qua
531 3435 637 3506 eriam
667 3453 760 3508 nunc
801 3427 1003 3530 adseruatur
1040 3440 1132 3510 onti-

41 3557 143 3635 quus
165 3543 330 3638 onowmi
347 3533 526 3614 cuiusdam
548 3535 699 3612 artioris
723 3533 832 3613 codex
853 3537 1131 3619 membranaceos

43 3637 137 3716 MS.
158 3641 324 3760 infolio,
341 3687 392 3733 -,·-
406 3638 564 3742 scrr'ptus
592 3663 684 3716 anno
710 3639 825 3718 MCC
824 3639 987 3720 CLVIII.
1001 3684 1053 3703 -
1086 3669 1132 3720 ex
1203 3731 1207 3747 ἱ
1279 3645 1287 3660 ’

43 3919 1129 3946 mmmmm

91 3973 146 4051 (a)
169 3975 353 4058 Ap.Wogu.
369 3974 456 4056 Dipl.
476 3973 578 4039 Saros.
599 3947 719 4054 ρᾹςι.
761 3971 906 4056 (ol'ffist
929 3981 982 4044 Cr.
1000 3979 1037 4040 T.
1054 3979 1131 4041 xm.

155 4083 385 4159 tom-75⁶·
425 4077 472 4156 (r)
495 4081 666 4147 Diatltiu.
688 4083 766 4150 Cell.
781 4090 880 4164 pm.
904 4089 978 4180 ²⁶?·
