2680 4398
231 229 311 306 ⁴92
539 185 806 284 nurnine
858 212 887 282 1.

178 370 603 482 kosburgurntnscupnuit.
658 385 761 454 Hanc
794 380 921 476 vrbem
952 387 989 456 6.
1009 376 1137 454 Martii
1177 377 1258 453 iam

179 479 347 553 obsessam
371 479 493 580 luisse,
520 507 621 582 putet
642 509 686 561 ex
710 485 764 558 his
792 484 939 582 litteris,
967 482 1138 558 aLinkio
1166 476 1257 554 rela-

179 587 251 662 tis:
270 586 334 678 ta)
377 615 400 671 s,
421 591 610 664 Exercitus
633 596 834 692 Vnguricus
857 593 1052 692 quamdam
1078 591 1117 661 in
1149 591 1258 660 Stiria

176 737 200 775 „
228 688 423 768 caesareum
441 695 581 770 obsedit
594 698 794 795 ciuitatem,
802 691 1256 795 nomine-Rakospuruam

179 828 202 891 ,u
230 796 345 870 caesar
357 825 446 874 vero
469 805 508 874 in
528 799 684 901 Neapoli
701 799 760 877 sus
773 823 945 881 moratur.
962 842 1013 860 -
1040 803 1126 875 Dat.
1146 802 1254 874 Vien-

178 959 201 994 „
230 925 329 998 nae,
353 929 452 980 anno
475 904 709 1004 tlom.148o
733 907 794 984 fer.
820 931 856 985 a.
881 907 959 1008 poll
980 907 1130 982 Ocules
1176 907 1256 978 Fri·

177 1011 340 1104 dericus,
363 1009 564 1086 Neolladio
591 1017 768 1088 Viennam
802 1012 1001 1114 prosedlus,
1044 1011 1171 1086 litteris
1206 1011 1253 1082 ad

176 1116 317 1214 imperii
360 1119 543 1215 principes
575 1137 611 1194 et
648 1123 691 1192 ad
727 1118 861 1194 diuersa
897 1118 979 1196 loca
1005 1120 1096 1192 datis
1121 1140 1189 1194 ao.
1217 1135 1255 1188 et

134 1275 138 1294 .
178 1241 242 1318 ας.
263 1225 407 1316 Martii,
437 1222 591 1323 querelis
624 1247 751 1324 contra
775 1227 978 1322 Mathiam,
1002 1223 1098 1326 quafi
1132 1221 1258 1294 foede·

174 1351 215 1398 ra
239 1331 337 1426 prior
357 1329 523 1428 rupill'et,
548 1333 775 1414 Genn'unitttn
795 1321 971 1430 impleuit.
1025 1329 1183 1404 Mathias
1209 1327 1257 1400 ad

176 1434 241 1506 lias
274 1432 366 1506 illius
397 1427 669 1512 criminationes
687 1440 737 1510 ita
760 1435 966 1537 respondit:
994 1432 1054 1534 (d)
1083 1481 1107 1520 ‚‚
1137 1434 1255 1506 Cesti·

177 1593 202 1632 „
229 1537 323 1612 ficati
352 1539 493 1635 sumus,
513 1539 705 1620 caesaream
723 1549 777 1616 M.
800 1546 905 1617 nouis
924 1539 1062 1620 tursum
1084 1541 1256 1612 erimina-

107 1657 112 1675 ’
177 1646 391 1735 „''tionibus
412 1653 508 1745 apud
538 1671 608 1720 vos
636 1669 672 1721 et
691 1655 725 1722 S.
752 1657 793 1723 ll.
820 1653 846 1722 1.
878 1651 1058 1750 principes
1086 1668 1155 1718 nos
1185 1647 1256 1716 im·

178 1797 203 1844 „
226 1771 372 1852 petere,
400 1753 496 1854 quast
518 1775 588 1828 nos
619 1754 910 1854 inscriptionibus
943 1755 1080 1834 mutuis
1105 1769 1253 1824 contra·

174 1903 198 1943 „
228 1855 527 1954 uenill'etnus,·-
560 1864 663 1957 quod
696 1884 811 1960 nuper
826 1861 1021 1960 oppidum·
1044 1855 1257 1956 Rakospur·

177 2015 201 2054 ‚,
228 1983 338 2060 gum,
378 1963 479 2040 nullu
514 1965 654 2062 prorsus
683 1963 909 2044 diffidatione
952 1959 1124 2036 maiestati
1169 1960 1255 2034 suae

174 2114 199 2151 ‚‚
227 2068 431 2167 praemissa,
458 2071 607 2146 lecimus
637 2073 908 2173 expugnari..-
954 2065 1254 2167 Respondemus,

176 2217 200 2263 ‚‚
227 2176 333 2248 nobis
364 2201 440 2250 non
476 2171 607 2250 licuisse
634 2183 687 2253 M.
721 2173 1013 2252 suamldifildare.
1065 2177 1194 2268 Natu,
1233 2171 1262 2248 st

176 2327 202 2368 ,‚
230 2279 266 2352 id
292 2271 513 2367 secill‘ernus5
534 2281 665 2361 toene
689 2277 1034 2358 contrauenilsetnus
1049 2275 1258 2377 inscriptio-

175 2429 201 2465 „
228 2387 332 2458 nibus
365 2392 522 2484 mutuis,
551 2388 682 2486 quibus
718 2409 893 2464 cauetur:
917 2409 978 2483 vt,
1014 2383 1253 2490 quandocum-

174 2541 199 2577 „
225 2511 290 2591 que
320 2487 479 2589 catfitren
500 2491 552 2566 M.·
577 2491 743 2608 prounffla
763 2489 829 2591 fian
858 2492 898 2569 de
917 2489 1114 2590 solutione,
1143 2487 1254 2566 nabis

171 2645 196 2685 ‚,
223 2591 364 2694 debita,
398 2625 466 2674 non
501 2597 679 2700 compleret
686 2626 703 2693 ;
744 2599 860 2675 ncner
892 2595 991 2675 nolis
1022 2591 1143 2695 nostra.
1164 2621 1258 2699 quo-

173 2743 199 2783 n
225 2724 366 2802 curaque
385 2705 480 2779 arando
504 2708 707 2807 requirere,
751 2727 831 2786 curn
857 2709 950 2780 ozimi
975 2699 1098 2781 damno
1133 2721 1171 2776 et
1201 2709 1257 2776 in·
1318 2741 1319 2767 t

173 2855 199 2896 „
225 2805 364 2912 tereste,
395 2807 474 2910 fure
496 2807 568 2884 ullo
597 2815 706 2888 initae
726 2817 829 2912 pacis
851 2831 884 2898 et
917 2793 1114 2882 concordiae
1145 2805 1257 2904 offerr-

72 3003 75 3011 .
171 2959 196 2999 ‚‚
238 2935 312 2988 rone
320 2941 338 3006 5
381 2932 575 3014 eapropter
602 2909 662 2990 lot
695 2937 817 2993 aarum
861 2921 954 2992 iuter
973 2927 1046 2988 'no‘s
1082 2917 1255 2989 anricirta

172 3067 196 3108 „
214 3013 315 3118 solui
341 3013 411 3095 non
436 3019 583 3096 deberet.
634 3025 757 3096 Ouum
780 3023 896 3122 ‘igitur
932 3039 999 3094 nus
1037 3013 1258 3114 frequenter

171 3178 196 3214 ,‚
224 3124 430 3227 etsaepius
454 3132 506 3199 M.
544 3127 643 3202 suani
683 3130 931 3204 monuerimus
957 3124 1004 3200 de
1037 3118 1260 3220 solutione,
1316 3215 1317 3226 ἵ

171 3277 195 3318 „
224 3232 332 3306 nobis
351 3229 532 3316 facien'da;
570 3232 643 3333 ipsa
677 3255 765 3306 vero
800 3231 1030 3331 pertinaciter
1052 3227 1090 3298 id
1129 3227 1262 3304 facere

168 3379 193 3420 n
221 3337 420 3439 neglexerit
428 3363 440 3424 3
467 3361 533 3412 nos
554 3337 634 3438 pust
652 3339 816 3412 debitum
842 3334 1028 3416 solutionis
1045 3335 1259 3412 terminum
1315 3409 1316 3414 ,

170 3485 194 3534 „
222 3441 313 3516 vltra
338 3467 475 3518 annum
510 3463 547 3516 et
582 3439 692 3544 longe
732 3439 889 3542 amplius
906 3445 968 3519 M..
994 3437 1092 3520 suam
1127 3439 1269 3541 exspo-

167 3599 191 3638 „
220 3543 443 3644 dantes,-
462 3543 622 3623 diffidere
640 3545 843 3646 noluimus,
871 3571 916 3622 ne
943 3546 1048 3650 prinu
1074 3543 1260 3620 daremus

167 3695 191 3736 n
219 3653 444 3728 occasionem
472 3657 672 3752 amicitiae,
705 3655 801 3728 inter
822 3677 891 3728 nos
915 3649 1115 3728 violandae.
1180 3655 1267 3726 vr-

167 3799 192 3854 „
219 3779 303 3854 ,xpm
321 3758 621 3834 denunciauimus
655 3759 790 3860 saepius
821 3779 886 3858 per
916 3754 1050 3836 littem
1087 3773 1128 3829 et
1152 3779 1259 3831 nun-

1048 3913 1074 3955 „
1088 3883 1199 3936 crum

165 4033 740 4080 W*-
1048 4037 1259 4064 ·-·--·-··

210 4063 725 4182 lssldnnslsslasT011.p.260.
782 4095 816 4178 t)
839 4099 884 4162 tr
897 4091 1236 4180 nssnugoenutr.
