<?xml version="1.0" encoding="UTF-8"?>
<!DOCTYPE html PUBLIC "-//W3C//DTD XHTML 1.0 Transitional//EN"
    "http://www.w3.org/TR/xhtml1/DTD/xhtml1-transitional.dtd">
<html xmlns="http://www.w3.org/1999/xhtml" xml:lang="en" lang="en">
 <head>
  <title>
</title>
<meta http-equiv="Content-Type" content="text/html;charset=utf-8" />
  <meta name='ocr-system' content='tesseract 3.04.00' />
  <meta name='ocr-capabilities' content='ocr_page ocr_carea ocr_par ocr_line ocrx_word'/>
</head>
<body>
  <div class='ocr_page' id='page_1' title='image "./epitomechronolo00katogoog_0191.png"; bbox 0 0 2664 4398; ppageno 0'>
   <div class='ocr_carea' id='block_1_1' title="bbox 224 203 941 338">
    <p class='ocr_par' dir='ltr' id='par_1_1' title="bbox 224 203 941 338">
     <span class='ocr_line' id='line_1_1' title="bbox 224 203 941 338; baseline 0.003 -29"><span class='ocrx_word' id='word_1_1' title='bbox 224 253 301 331; x_wconf 85' lang='lat'><strong>¹94</strong></span> <span class='ocrx_word' id='word_1_2' title='bbox 488 203 941 338; x_wconf 77' lang='lat' dir='ltr'><strong>storsarvruovs,</strong></span> 
     </span>
    </p>
   </div>
   <div class='ocr_carea' id='block_1_2' title="bbox 103 402 1270 1359">
    <p class='ocr_par' dir='ltr' id='par_1_2' title="bbox 103 402 1270 1359">
     <span class='ocr_line' id='line_1_2' title="bbox 171 402 1256 508; baseline 0 -26"><span class='ocrx_word' id='word_1_3' title='bbox 171 462 197 502; x_wconf 90' lang='lat'><strong>„</strong></span> <span class='ocrx_word' id='word_1_4' title='bbox 223 402 402 482; x_wconf 84' lang='lat' dir='ltr'><strong>Nicolaus</strong></span> <span class='ocrx_word' id='word_1_5' title='bbox 429 429 493 508; x_wconf 90' lang='lat' dir='ltr'><strong>per</strong></span> <span class='ocrx_word' id='word_1_6' title='bbox 518 405 599 484; x_wconf 85' lang='lat' dir='ltr'><strong>suos</strong></span> <span class='ocrx_word' id='word_1_7' title='bbox 616 403 801 484; x_wconf 86' lang='lat' dir='ltr'><strong>sudorosos</strong></span> <span class='ocrx_word' id='word_1_8' title='bbox 819 403 958 481; x_wconf 88' lang='lat' dir='ltr'><strong>labores</strong></span> <span class='ocrx_word' id='word_1_9' title='bbox 975 402 1074 483; x_wconf 86' lang='lat' dir='ltr'><strong>inter</strong></span> <span class='ocrx_word' id='word_1_10' title='bbox 1092 403 1256 484; x_wconf 81' lang='lat' dir='ltr'><strong>nostram</strong></span> 
     </span>
     <span class='ocr_line' id='line_1_3' title="bbox 148 505 1261 614; baseline 0 -28"><span class='ocrx_word' id='word_1_11' title='bbox 148 517 197 605; x_wconf 83' lang='lat'><strong>&#39;‚,</strong></span> <span class='ocrx_word' id='word_1_12' title='bbox 225 509 473 588; x_wconf 86' lang='lat' dir='ltr'><strong>celsitudinem</strong></span> <span class='ocrx_word' id='word_1_13' title='bbox 501 531 539 592; x_wconf 89' lang='lat' dir='ltr'><strong>et</strong></span> <span class='ocrx_word' id='word_1_14' title='bbox 561 509 800 614; x_wconf 84' lang='lat' dir='ltr'><strong>praescriptos</strong></span> <span class='ocrx_word' id='word_1_15' title='bbox 827 505 1005 613; x_wconf 83' lang='lat' dir='ltr'><strong>praelatos</strong></span> <span class='ocrx_word' id='word_1_16' title='bbox 1032 531 1071 588; x_wconf 88' lang='lat' dir='ltr'><strong>et</strong></span> <span class='ocrx_word' id='word_1_17' title='bbox 1099 515 1261 588; x_wconf 84' lang='lat' dir='ltr'><strong>barones</strong></span> 
     </span>
     <span class='ocr_line' id='line_1_4' title="bbox 103 615 1263 722; baseline 0.001 -33"><span class='ocrx_word' id='word_1_18' title='bbox 103 632 107 662; x_wconf 88' lang='lat'><em>¹</em></span> <span class='ocrx_word' id='word_1_19' title='bbox 173 663 199 704; x_wconf 89' lang='lat'><strong>,‚</strong></span> <span class='ocrx_word' id='word_1_20' title='bbox 226 639 294 718; x_wconf 93' lang='lat' dir='ltr'><strong>pro</strong></span> <span class='ocrx_word' id='word_1_21' title='bbox 320 619 483 701; x_wconf 86' lang='lat' dir='ltr'><strong>eiusdem</strong></span> <span class='ocrx_word' id='word_1_22' title='bbox 513 619 610 722; x_wconf 80' lang='lat' dir='ltr'><strong>pacis</strong></span> <span class='ocrx_word' id='word_1_23' title='bbox 649 619 808 694; x_wconf 87' lang='lat' dir='ltr'><strong>obtentu</strong></span> <span class='ocrx_word' id='word_1_24' title='bbox 842 615 1082 694; x_wconf 90' lang='lat' dir='ltr'><strong>multimodos</strong></span> <span class='ocrx_word' id='word_1_25' title='bbox 1123 615 1263 694; x_wconf 81' lang='lat' dir='ltr'><strong>fecisset</strong></span> 
     </span>
     <span class='ocr_line' id='line_1_5' title="bbox 164 715 1261 824; baseline 0 -28"><span class='ocrx_word' id='word_1_26' title='bbox 164 768 196 820; x_wconf 53' lang='grc' dir='ltr'><strong>ρ</strong></span> <span class='ocrx_word' id='word_1_27' title='bbox 223 715 416 809; x_wconf 52' lang='lat' dir='ltr'><strong>uadatus</strong></span> <span class='ocrx_word' id='word_1_28' title='bbox 452 729 499 801; x_wconf 86' lang='lat' dir='ltr'><strong>ad</strong></span> <span class='ocrx_word' id='word_1_29' title='bbox 528 722 700 802; x_wconf 81' lang='lat' dir='ltr'><strong>ultimum</strong></span> <span class='ocrx_word' id='word_1_30' title='bbox 713 761 765 784; x_wconf 90' lang='grc'>-</span> <span class='ocrx_word' id='word_1_31' title='bbox 779 727 870 784; x_wconf 67' lang='lat' dir='ltr'><strong>··r·“</strong></span> <span class='ocrx_word' id='word_1_32' title='bbox 921 727 1049 824; x_wconf 85' lang='lat' dir='ltr'>Atque</span> <span class='ocrx_word' id='word_1_33' title='bbox 1077 725 1163 798; x_wconf 88' lang='lat' dir='ltr'><strong>hinc</strong></span> <span class='ocrx_word' id='word_1_34' title='bbox 1195 745 1261 822; x_wconf 85' lang='lat' dir='ltr'><strong>ap·</strong></span> 
     </span>
     <span class='ocr_line' id='line_1_6' title="bbox 172 821 1263 932; baseline 0.001 -31"><span class='ocrx_word' id='word_1_35' title='bbox 172 845 298 928; x_wconf 84' lang='lat' dir='ltr'>paret,</span> <span class='ocrx_word' id='word_1_36' title='bbox 323 824 539 932; x_wconf 78' lang='lat' dir='ltr'><strong>Dlugolsum</strong></span> <span class='ocrx_word' id='word_1_37' title='bbox 584 851 724 927; x_wconf 85' lang='lat' dir='ltr'><strong>errare,</strong></span> <span class='ocrx_word' id='word_1_38' title='bbox 752 851 867 930; x_wconf 89' lang='lat' dir='ltr'><strong>quum</strong></span> <span class='ocrx_word' id='word_1_39' title='bbox 902 821 1043 926; x_wconf 84' lang='lat' dir='ltr'>scribit,</span> <span class='ocrx_word' id='word_1_40' title='bbox 1062 827 1129 928; x_wconf 83' lang='lat' dir='ltr'><strong>(a)</strong></span> <span class='ocrx_word' id='word_1_41' title='bbox 1163 827 1263 902; x_wconf 81' lang='lat' dir='ltr'><strong>Wla·</strong></span> 
     </span>
     <span class='ocr_line' id='line_1_7' title="bbox 176 929 1269 1040; baseline 0.002 -35"><span class='ocrx_word' id='word_1_42' title='bbox 176 929 351 1030; x_wconf 83' lang='lat' dir='ltr'><strong>dislaum,</strong></span> <span class='ocrx_word' id='word_1_43' title='bbox 378 941 516 1014; x_wconf 82' lang='lat' dir='ltr'><strong>ratione</strong></span> <span class='ocrx_word' id='word_1_44' title='bbox 548 929 747 1040; x_wconf 79' lang='lat' dir='ltr'><strong>Heduigr&#39;r,</strong></span> <span class='ocrx_word' id='word_1_45' title='bbox 778 957 871 1032; x_wconf 87' lang='lat' dir='ltr'><strong>quae</strong></span> <span class='ocrx_word' id='word_1_46' title='bbox 908 935 981 1008; x_wconf 88' lang='lat' dir='ltr'><strong>iam</strong></span> <span class='ocrx_word' id='word_1_47' title='bbox 1016 958 1113 1009; x_wconf 86' lang='lat' dir='ltr'><strong>anno</strong></span> <span class='ocrx_word' id='word_1_48' title='bbox 1143 957 1269 1033; x_wconf 84' lang='lat'>1399.</span> 
     </span>
     <span class='ocr_line' id='line_1_8' title="bbox 175 1027 1270 1142; baseline 0.005 -33"><span class='ocrx_word' id='word_1_49' title='bbox 175 1027 350 1135; x_wconf 81' lang='lat' dir='ltr'><strong>decessit,</strong></span> <span class='ocrx_word' id='word_1_50' title='bbox 382 1041 426 1114; x_wconf 87' lang='lat' dir='ltr'><strong>ab</strong></span> <span class='ocrx_word' id='word_1_51' title='bbox 457 1041 637 1142; x_wconf 84' lang='lat' dir='ltr'><strong>Hungaris</strong></span> <span class='ocrx_word' id='word_1_52' title='bbox 659 1037 835 1114; x_wconf 86' lang='lat' dir='ltr'><strong>&#39;oblatum</strong></span> <span class='ocrx_word' id='word_1_53' title='bbox 879 1036 939 1112; x_wconf 87' lang='lat' dir='ltr'><strong>srbi</strong></span> <span class='ocrx_word' id='word_1_54' title='bbox 964 1041 1129 1116; x_wconf 84' lang='lat' dir='ltr'><strong>diadema</strong></span> <span class='ocrx_word' id='word_1_55' title='bbox 1158 1063 1270 1115; x_wconf 88' lang='lat' dir='ltr'><strong>recu·</strong></span> 
     </span>
     <span class='ocr_line' id='line_1_9' title="bbox 173 1138 1265 1245; baseline 0.004 -29"><span class='ocrx_word' id='word_1_56' title='bbox 173 1139 265 1217; x_wconf 82' lang='lat' dir='ltr'><strong>salse.</strong></span> <span class='ocrx_word' id='word_1_57' title='bbox 308 1145 341 1218; x_wconf 87' lang='lat' dir='ltr'><strong>Si</strong></span> <span class='ocrx_word' id='word_1_58' title='bbox 368 1145 560 1222; x_wconf 85' lang='lat' dir='ltr'><strong>ismundus</strong></span> <span class='ocrx_word' id='word_1_59' title='bbox 583 1147 681 1220; x_wconf 87' lang='lat' dir='ltr'><strong>enim</strong></span> <span class='ocrx_word' id='word_1_60' title='bbox 717 1138 857 1219; x_wconf 83' lang='lat' dir='ltr'><strong>disserte</strong></span> <span class='ocrx_word' id='word_1_61' title='bbox 882 1141 1050 1245; x_wconf 86' lang='lat' dir='ltr'>testatur,</span> <span class='ocrx_word' id='word_1_62' title='bbox 1077 1145 1181 1222; x_wconf 89' lang='lat' dir='ltr'><strong>illum</strong></span> <span class='ocrx_word' id='word_1_63' title='bbox 1219 1149 1265 1220; x_wconf 76' lang='lat' dir='ltr'><strong>in</strong></span> 
     </span>
     <span class='ocr_line' id='line_1_10' title="bbox 160 1245 1268 1359; baseline 0 -37"><span class='ocrx_word' id='word_1_64' title='bbox 160 1271 326 1354; x_wconf 61' lang='lat' dir='ltr'><strong>regnum</strong></span> <span class='ocrx_word' id='word_1_65' title='bbox 381 1277 468 1359; x_wconf 79' lang='lat' dir='ltr'><strong>ang.</strong></span> <span class='ocrx_word' id='word_1_66' title='bbox 492 1249 542 1328; x_wconf 84' lang='lat' dir='ltr'><strong>ad</strong></span> <span class='ocrx_word' id='word_1_67' title='bbox 571 1245 804 1354; x_wconf 81' lang='lat' dir='ltr'><strong>usurpandum</strong></span> <span class='ocrx_word' id='word_1_68' title='bbox 824 1245 899 1350; x_wconf 82' lang='lat' dir='ltr'><strong>fibi</strong></span> <span class='ocrx_word' id='word_1_69' title='bbox 926 1246 1166 1350; x_wconf 79' lang='lat' dir='ltr'><strong>diadema,-</strong></span> <span class='ocrx_word' id='word_1_70' title='bbox 1174 1245 1268 1350; x_wconf 68' lang='lat' dir='ltr'><strong>fiab-</strong></span> 
     </span>
    </p>
   </div>
   <div class='ocr_carea' id='block_1_3' title="bbox 56 1351 1270 1461">
    <p class='ocr_par' dir='ltr' id='par_1_3' title="bbox 56 1351 1270 1461">
     <span class='ocr_line' id='line_1_11' title="bbox 56 1351 1270 1461; baseline -0.008 -25"><span class='ocrx_word' id='word_1_71' title='bbox 56 1427 61 1436; x_wconf 90' lang='lat'>.</span> <span class='ocrx_word' id='word_1_72' title='bbox 177 1357 316 1432; x_wconf 82' lang='lat' dir='ltr'><strong>intrare</strong></span> <span class='ocrx_word' id='word_1_73' title='bbox 340 1355 501 1434; x_wconf 80' lang='lat' dir='ltr'><strong>molitum</strong></span> <span class='ocrx_word' id='word_1_74' title='bbox 535 1352 608 1461; x_wconf 84' lang='lat' dir='ltr'><strong>effe.</strong></span> <span class='ocrx_word' id='word_1_75' title='bbox 663 1356 767 1430; x_wconf 85' lang='lat' dir='ltr'>Idem</span> <span class='ocrx_word' id='word_1_76' title='bbox 795 1351 955 1429; x_wconf 86' lang='lat' dir='ltr'><strong>Austriae</strong></span> <span class='ocrx_word' id='word_1_77' title='bbox 981 1355 1113 1432; x_wconf 88' lang='lat' dir='ltr'><strong>ducem</strong></span> <span class='ocrx_word' id='word_1_78' title='bbox 1133 1351 1270 1430; x_wconf 83' lang='lat' dir='ltr'>tentas-</span> 
     </span>
    </p>
   </div>
   <div class='ocr_carea' id='block_1_4' title="bbox 110 1455 1274 2196">
    <p class='ocr_par' dir='ltr' id='par_1_4' title="bbox 110 1455 1274 2196">
     <span class='ocr_line' id='line_1_12' title="bbox 180 1455 1268 1564; baseline 0.002 -30"><span class='ocrx_word' id='word_1_79' title='bbox 180 1455 227 1534; x_wconf 88' lang='lat' dir='ltr'><strong>se.</strong></span> <span class='ocrx_word' id='word_1_80' title='bbox 282 1464 448 1536; x_wconf 74' lang='lat' dir='ltr'><strong>Guamor</strong></span> <span class='ocrx_word' id='word_1_81' title='bbox 474 1465 587 1564; x_wconf 81' lang='lat' dir='ltr'><strong>igitur</strong></span> <span class='ocrx_word' id='word_1_82' title='bbox 613 1461 652 1541; x_wconf 88' lang='lat' dir='ltr'><strong>in</strong></span> <span class='ocrx_word' id='word_1_83' title='bbox 679 1477 797 1562; x_wconf 87' lang='lat' dir='ltr'><strong>partes</strong></span> <span class='ocrx_word' id='word_1_84' title='bbox 819 1455 955 1534; x_wconf 86' lang='lat' dir='ltr'><strong>scissum</strong></span> <span class='ocrx_word' id='word_1_85' title='bbox 977 1478 1054 1538; x_wconf 86' lang='lat' dir='ltr'>erat</span> <span class='ocrx_word' id='word_1_86' title='bbox 1083 1485 1268 1562; x_wconf 85' lang='lat' dir='ltr'><strong>regnum,</strong></span> 
     </span>
     <span class='ocr_line' id='line_1_13' title="bbox 110 1561 1272 1661; baseline 0.001 -23"><span class='ocrx_word' id='word_1_87' title='bbox 110 1575 113 1582; x_wconf 84' lang='grc'><em>“</em></span> <span class='ocrx_word' id='word_1_88' title='bbox 180 1563 256 1638; x_wconf 88' lang='lat' dir='ltr'><strong>aliis</strong></span> <span class='ocrx_word' id='word_1_89' title='bbox 275 1561 509 1642; x_wconf 74' lang='lat' dir='ltr'><strong>wladislaum</strong></span> <span class='ocrx_word' id='word_1_90' title='bbox 546 1563 754 1661; x_wconf 89' lang='lat' dir='ltr'><strong>Polonum,</strong></span> <span class='ocrx_word' id='word_1_91' title='bbox 787 1562 864 1640; x_wconf 79' lang='lat' dir='ltr'><strong>aliis</strong></span> <span class='ocrx_word' id='word_1_92' title='bbox 893 1563 1087 1644; x_wconf 85' lang='lat' dir='ltr'><strong>Albertum</strong></span> <span class='ocrx_word' id='word_1_93' title='bbox 1109 1565 1272 1642; x_wconf 83' lang='lat' dir='ltr'><strong>Aullria-</strong></span> 
     </span>
     <span class='ocr_line' id='line_1_14' title="bbox 179 1667 1274 1776; baseline 0.001 -32"><span class='ocrx_word' id='word_1_94' title='bbox 179 1690 290 1768; x_wconf 91' lang='lat' dir='ltr'><strong>cum,</strong></span> <span class='ocrx_word' id='word_1_95' title='bbox 316 1667 392 1746; x_wconf 84' lang='lat' dir='ltr'><strong>aliis</strong></span> <span class='ocrx_word' id='word_1_96' title='bbox 414 1673 528 1774; x_wconf 90' lang='lat' dir='ltr'><strong>ipsum</strong></span> <span class='ocrx_word' id='word_1_97' title='bbox 556 1669 953 1774; x_wconf 81' lang='lat' dir='ltr'><strong>Sigismundum,·aliis</strong></span> <span class='ocrx_word' id='word_1_98' title='bbox 975 1673 1133 1776; x_wconf 84' lang='lat' dir='ltr'><strong>denique</strong></span> <span class='ocrx_word' id='word_1_99' title='bbox 1159 1671 1274 1745; x_wconf 83' lang='lat' dir='ltr'><strong>Ladi—</strong></span> 
     </span>
     <span class='ocr_line' id='line_1_15' title="bbox 182 1773 1270 1878; baseline 0.002 -27.98"><span class='ocrx_word' id='word_1_100' title='bbox 182 1774 324 1876; x_wconf 82' lang='lat' dir='ltr'><strong>slaum,</strong></span> <span class='ocrx_word' id='word_1_101' title='bbox 359 1779 446 1854; x_wconf 81' lang='lat' dir='ltr'><strong>caefi</strong></span> <span class='ocrx_word' id='word_1_102' title='bbox 469 1776 590 1854; x_wconf 88' lang='lat' dir='ltr'><strong>Caroli</strong></span> <span class='ocrx_word' id='word_1_103' title='bbox 617 1780 661 1870; x_wconf 81' lang='lat' dir='ltr'><strong>ii.</strong></span> <span class='ocrx_word' id='word_1_104' title='bbox 692 1773 836 1874; x_wconf 85' lang='lat' dir='ltr'><strong>filium,</strong></span> <span class='ocrx_word' id='word_1_105' title='bbox 872 1799 999 1878; x_wconf 80' lang='lat' dir='ltr'><strong>regern</strong></span> <span class='ocrx_word' id='word_1_106' title='bbox 1038 1777 1270 1878; x_wconf 88' lang='lat' dir='ltr'><strong>optantibus.</strong></span> 
     </span>
     <span class='ocr_line' id='line_1_16' title="bbox 184 1875 1272 1981; baseline 0.004 -27"><span class='ocrx_word' id='word_1_107' title='bbox 184 1875 246 1974; x_wconf 86' lang='lat' dir='ltr'><strong>(b)</strong></span> <span class='ocrx_word' id='word_1_108' title='bbox 272 1886 368 1959; x_wconf 86' lang='lat' dir='ltr'><strong>Huic</strong></span> <span class='ocrx_word' id='word_1_109' title='bbox 389 1885 574 1981; x_wconf 83' lang='lat' dir='ltr'><strong>Hcruoia,</strong></span> <span class='ocrx_word' id='word_1_110' title='bbox 603 1883 758 1960; x_wconf 86' lang='lat' dir='ltr'><strong>Bosniae</strong></span> <span class='ocrx_word' id='word_1_111' title='bbox 777 1881 956 1977; x_wconf 84' lang='lat' dir='ltr'><strong>vaiuoda,</strong></span> <span class='ocrx_word' id='word_1_112' title='bbox 1000 1885 1168 1961; x_wconf 87' lang='lat' dir='ltr'><strong>ciuitates</strong></span> <span class='ocrx_word' id='word_1_113' title='bbox 1191 1905 1272 1958; x_wconf 80' lang='lat' dir='ltr'><strong>me·</strong></span> 
     </span>
     <span class='ocr_line' id='line_1_17' title="bbox 187 1985 1271 2091; baseline 0.005 -36"><span class='ocrx_word' id='word_1_114' title='bbox 187 1985 327 2062; x_wconf 86' lang='lat' dir='ltr'><strong>ritimas</strong></span> <span class='ocrx_word' id='word_1_115' title='bbox 356 1987 592 2086; x_wconf 86' lang='lat' dir='ltr'>conciliabat,</span> <span class='ocrx_word' id='word_1_116' title='bbox 617 2003 668 2068; x_wconf 73' lang='lat' dir='ltr'><strong>,et</strong></span> <span class='ocrx_word' id='word_1_117' title='bbox 690 1985 911 2060; x_wconf 83' lang='lat' dir='ltr'><strong>Iadrensibus</strong></span> <span class='ocrx_word' id='word_1_118' title='bbox 939 1985 999 2088; x_wconf 88' lang='lat' dir='ltr'><strong>spe</strong></span> <span class='ocrx_word' id='word_1_119' title='bbox 1024 1987 1271 2091; x_wconf 80' lang='lat' dir='ltr'><strong>recuperandi</strong></span> 
     </span>
     <span class='ocr_line' id='line_1_18' title="bbox 187 2089 962 2196; baseline 0.004 -28"><span class='ocrx_word' id='word_1_120' title='bbox 187 2091 347 2194; x_wconf 68' lang='lat' dir='ltr'><strong>Papum,</strong></span> <span class='ocrx_word' id='word_1_121' title='bbox 382 2091 623 2174; x_wconf 68' lang='lat' dir='ltr'><strong>desedionem</strong></span> <span class='ocrx_word' id='word_1_122' title='bbox 659 2089 884 2192; x_wconf 80' lang='lat' dir='ltr'><strong>persuaserat.</strong></span> <span class='ocrx_word' id='word_1_123' title='bbox 902 2091 962 2196; x_wconf 90' lang='lat' dir='ltr'><strong>(c)</strong></span> 
     </span>
    </p>
   </div>
   <div class='ocr_carea' id='block_1_5' title="bbox 295 2299 1142 2414">
    <p class='ocr_par' dir='ltr' id='par_1_5' title="bbox 295 2299 1142 2414">
     <span class='ocr_line' id='line_1_19' title="bbox 295 2299 1142 2414; baseline 0 -32"><span class='ocrx_word' id='word_1_124' title='bbox 295 2303 346 2382; x_wconf 82' lang='lat' dir='ltr'><strong>A.</strong></span> <span class='ocrx_word' id='word_1_125' title='bbox 369 2303 408 2381; x_wconf 85' lang='lat' dir='ltr'><strong>C.</strong></span> <span class='ocrx_word' id='word_1_126' title='bbox 434 2328 545 2407; x_wconf 81' lang='lat'><em>1402.</em></span> <span class='ocrx_word' id='word_1_127' title='bbox 576 2303 657 2414; x_wconf 86' lang='lat' dir='ltr'><strong>Sig.</strong></span> <span class='ocrx_word' id='word_1_128' title='bbox 685 2310 744 2384; x_wconf 82' lang='lat'><strong>16.</strong></span> <span class='ocrx_word' id='word_1_129' title='bbox 764 2299 840 2382; x_wconf 72' lang='lat' dir='ltr'><strong>snei</strong></span> <span class='ocrx_word' id='word_1_130' title='bbox 862 2325 922 2382; x_wconf 88' lang='lat' dir='ltr'><strong>1o.</strong></span> <span class='ocrx_word' id='word_1_131' title='bbox 948 2300 989 2381; x_wconf 81' lang='grc' dir='ltr'><strong>Ρ.</strong></span> <span class='ocrx_word' id='word_1_132' title='bbox 1007 2315 1067 2388; x_wconf 80' lang='lat'><strong>26.</strong></span> <span class='ocrx_word' id='word_1_133' title='bbox 1088 2299 1142 2405; x_wconf 70' lang='lat' dir='ltr'><strong>ds</strong></span> 
     </span>
    </p>
   </div>
   <div class='ocr_carea' id='block_1_6' title="bbox 168 2503 1269 2727">
    <p class='ocr_par' dir='ltr' id='par_1_6' title="bbox 168 2503 1269 2727">
     <span class='ocr_line' id='line_1_20' title="bbox 168 2503 1269 2618; baseline 0.004 -32"><span class='ocrx_word' id='word_1_134' title='bbox 168 2517 182 2568; x_wconf 69' lang='lat'><em>3</em></span> <span class='ocrx_word' id='word_1_135' title='bbox 273 2503 480 2589; x_wconf 77' lang='lat' dir='ltr'><strong>CXXXVI.</strong></span> <span class='ocrx_word' id='word_1_136' title='bbox 507 2515 691 2591; x_wconf 89' lang='lat' dir='ltr'><strong>Laudatus</strong></span> <span class='ocrx_word' id='word_1_137' title='bbox 705 2509 900 2618; x_wconf 77' lang='lat' dir='ltr'><strong>Dlugolsus</strong></span> <span class='ocrx_word' id='word_1_138' title='bbox 923 2515 968 2589; x_wconf 89' lang='lat' dir='ltr'><strong>ad</strong></span> <span class='ocrx_word' id='word_1_139' title='bbox 993 2535 1128 2588; x_wconf 90' lang='lat' dir='ltr'><strong>annum</strong></span> <span class='ocrx_word' id='word_1_140' title='bbox 1148 2533 1269 2616; x_wconf 83' lang='lat' dir='ltr'><strong>usque</strong></span> 
     </span>
     <span class='ocr_line' id='line_1_21' title="bbox 190 2619 1269 2727; baseline 0 -32"><span class='ocrx_word' id='word_1_141' title='bbox 190 2620 292 2695; x_wconf 89' lang='lat' dir='ltr'><strong>hunc</strong></span> <span class='ocrx_word' id='word_1_142' title='bbox 321 2619 542 2720; x_wconf 75' lang='lat' dir='ltr'><strong>sigismundi</strong></span> <span class='ocrx_word' id='word_1_143' title='bbox 567 2623 816 2722; x_wconf 84' lang='lat' dir='ltr'><strong>captiuitatem</strong></span> <span class='ocrx_word' id='word_1_144' title='bbox 841 2621 1023 2721; x_wconf 90' lang='lat' dir='ltr'><strong>producit.</strong></span> <span class='ocrx_word' id='word_1_145' title='bbox 1074 2619 1269 2727; x_wconf 58' lang='lat' dir='ltr'><strong>Sedflrirn</strong></span> 
     </span>
    </p>
   </div>
   <div class='ocr_carea' id='block_1_7' title="bbox 100 2723 1279 2826">
    <p class='ocr_par' dir='ltr' id='par_1_7' title="bbox 100 2723 1279 2826">
     <span class='ocr_line' id='line_1_22' title="bbox 100 2723 1279 2826; baseline 0.004 -27"><span class='ocrx_word' id='word_1_146' title='bbox 100 2730 102 2736; x_wconf 85' lang='lat'>&#39;</span> <span class='ocrx_word' id='word_1_147' title='bbox 190 2724 327 2800; x_wconf 83' lang='lat' dir='ltr'><strong>etiamst</strong></span> <span class='ocrx_word' id='word_1_148' title='bbox 356 2727 556 2825; x_wconf 88' lang='lat' dir='ltr'><strong>patriorum</strong></span> <span class='ocrx_word' id='word_1_149' title='bbox 582 2723 798 2826; x_wconf 91' lang='lat' dir='ltr'><strong>scriptorum</strong></span> <span class='ocrx_word' id='word_1_150' title='bbox 827 2723 1103 2825; x_wconf 81' lang='lat' dir='ltr'><strong>chronologiam</strong></span> <span class='ocrx_word' id='word_1_151' title='bbox 1135 2725 1279 2824; x_wconf 87' lang='lat' dir='ltr'><strong>ample·</strong></span> 
     </span>
    </p>
   </div>
   <div class='ocr_carea' id='block_1_8' title="bbox 192 2825 1277 2931">
    <p class='ocr_par' dir='ltr' id='par_1_8' title="bbox 192 2825 1277 2931">
     <span class='ocr_line' id='line_1_23' title="bbox 192 2825 1277 2931; baseline 0.003 -27"><span class='ocrx_word' id='word_1_152' title='bbox 192 2825 353 2917; x_wconf 66' lang='lat' dir='ltr'><strong>&amp;amum</strong></span> <span class='ocrx_word' id='word_1_153' title='bbox 390 2832 588 2908; x_wconf 87' lang='lat' dir='ltr'><strong>dicendum</strong></span> <span class='ocrx_word' id='word_1_154' title='bbox 633 2831 706 2931; x_wconf 80' lang='lat' dir='ltr'><strong>eli,</strong></span> <span class='ocrx_word' id='word_1_155' title='bbox 744 2829 847 2907; x_wconf 86' lang='lat' dir='ltr'><strong>illum</strong></span> <span class='ocrx_word' id='word_1_156' title='bbox 876 2831 1008 2906; x_wconf 88' lang='lat' dir='ltr'><strong>eodem</strong></span> <span class='ocrx_word' id='word_1_157' title='bbox 1039 2851 1160 2927; x_wconf 85' lang='lat' dir='ltr'><strong>anno,</strong></span> <span class='ocrx_word' id='word_1_158' title='bbox 1193 2855 1277 2930; x_wconf 91' lang='lat' dir='ltr'><strong>quo</strong></span> 
     </span>
    </p>
   </div>
   <div class='ocr_carea' id='block_1_9' title="bbox 44 2933 1277 3039">
    <p class='ocr_par' dir='ltr' id='par_1_9' title="bbox 44 2933 1277 3039">
     <span class='ocr_line' id='line_1_24' title="bbox 44 2933 1277 3039; baseline 0.002 -27"><span class='ocrx_word' id='word_1_159' title='bbox 44 2967 48 2988; x_wconf 75' lang='lat'>=</span> <span class='ocrx_word' id='word_1_160' title='bbox 192 2955 321 3033; x_wconf 86' lang='lat' dir='ltr'><strong>captus</strong></span> <span class='ocrx_word' id='word_1_161' title='bbox 350 2933 418 3039; x_wconf 83' lang='lat' dir='ltr'><strong>est,</strong></span> <span class='ocrx_word' id='word_1_162' title='bbox 470 2935 673 3016; x_wconf 85' lang='lat' dir='ltr'><strong>libertatem</strong></span> <span class='ocrx_word' id='word_1_163' title='bbox 698 2933 895 3014; x_wconf 77' lang='lat' dir='ltr'><strong>obtinuisse.</strong></span> <span class='ocrx_word' id='word_1_164' title='bbox 947 2941 1045 3012; x_wconf 90' lang='lat' dir='ltr'><strong>Nam</strong></span> <span class='ocrx_word' id='word_1_165' title='bbox 1077 2937 1277 3014; x_wconf 84' lang='lat' dir='ltr'><strong>amnesliae</strong></span> 
     </span>
    </p>
   </div>
   <div class='ocr_carea' id='block_1_10' title="bbox 115 3037 1284 3880">
    <p class='ocr_par' dir='ltr' id='par_1_10' title="bbox 115 3037 1284 3880">
     <span class='ocr_line' id='line_1_25' title="bbox 176 3037 1278 3146; baseline 0.002 -30"><span class='ocrx_word' id='word_1_166' title='bbox 176 3037 356 3136; x_wconf 82' lang='lat' dir='ltr'>litteras,</span> <span class='ocrx_word' id='word_1_167' title='bbox 383 3043 516 3142; x_wconf 88' lang='lat' dir='ltr'><strong>quibus</strong></span> <span class='ocrx_word' id='word_1_168' title='bbox 552 3065 674 3146; x_wconf 86' lang='lat' dir='ltr'><strong>partes</strong></span> <span class='ocrx_word' id='word_1_169' title='bbox 708 3045 903 3118; x_wconf 88' lang='lat' dir='ltr'><strong>contrarias</strong></span> <span class='ocrx_word' id='word_1_170' title='bbox 927 3043 1084 3142; x_wconf 87' lang='lat' dir='ltr'><strong>sequutis</strong></span> <span class='ocrx_word' id='word_1_171' title='bbox 1117 3043 1278 3145; x_wconf 75' lang='lat' dir='ltr'>gratiam</span> 
     </span>
     <span class='ocr_line' id='line_1_26' title="bbox 174 3143 1277 3254; baseline 0.004 -33"><span class='ocrx_word' id='word_1_172' title='bbox 174 3143 451 3248; x_wconf 72' lang='lat' dir='ltr'><strong>&#39;perduellionis</strong></span> <span class='ocrx_word' id='word_1_173' title='bbox 475 3147 581 3246; x_wconf 82' lang='lat' dir='ltr'>facit,</span> <span class='ocrx_word' id='word_1_174' title='bbox 607 3151 679 3224; x_wconf 87' lang='lat' dir='ltr'><strong>iam</strong></span> <span class='ocrx_word' id='word_1_175' title='bbox 705 3147 899 3246; x_wconf 83' lang='lat' dir='ltr'><strong>liberatus,</strong></span> <span class='ocrx_word' id='word_1_176' title='bbox 935 3145 994 3241; x_wconf 77' lang='lat' dir='ltr'><strong>(d)</strong></span> <span class='ocrx_word' id='word_1_177' title='bbox 1021 3149 1124 3224; x_wconf 87' lang='lat' dir='ltr'><strong>dedit</strong></span> <span class='ocrx_word' id='word_1_178' title='bbox 1150 3151 1190 3225; x_wconf 83' lang='lat' dir='ltr'><strong>in</strong></span> <span class='ocrx_word' id='word_1_179' title='bbox 1218 3167 1277 3254; x_wconf 84' lang='lat' dir='ltr'><strong>op-</strong></span> 
     </span>
     <span class='ocr_line' id='line_1_27' title="bbox 191 3247 1279 3357; baseline 0.003 -30"><span class='ocrx_word' id='word_1_180' title='bbox 191 3249 302 3356; x_wconf 82' lang='lat' dir='ltr'><strong>pido,</strong></span> <span class='ocrx_word' id='word_1_181' title='bbox 329 3251 422 3357; x_wconf 84' lang='lat' dir='ltr'><strong>Papa</strong></span> <span class='ocrx_word' id='word_1_182' title='bbox 446 3275 589 3354; x_wconf 84' lang='lat' dir='ltr'><strong>vocato,</strong></span> <span class='ocrx_word' id='word_1_183' title='bbox 619 3259 659 3332; x_wconf 86' lang='lat' dir='ltr'><strong>in</strong></span> <span class='ocrx_word' id='word_1_184' title='bbox 682 3251 829 3357; x_wconf 79' lang='lat' dir='ltr'><strong>crastino</strong></span> <span class='ocrx_word' id='word_1_185' title='bbox 837 3249 928 3356; x_wconf 81' lang='lat' dir='ltr'><strong>festi</strong></span> <span class='ocrx_word' id='word_1_186' title='bbox 952 3247 1131 3331; x_wconf 84' lang='lat' dir='ltr'><strong>beatorum</strong></span> <span class='ocrx_word' id='word_1_187' title='bbox 1164 3252 1279 3331; x_wconf 85' lang='lat' dir='ltr'><strong>Simo-</strong></span> 
     </span>
     <span class='ocr_line' id='line_1_28' title="bbox 115 3355 1283 3464; baseline -0.002 -29"><span class='ocrx_word' id='word_1_188' title='bbox 115 3423 119 3435; x_wconf 95' lang='lat'>.</span> <span class='ocrx_word' id='word_1_189' title='bbox 177 3363 257 3434; x_wconf 86' lang='lat' dir='ltr'><strong>·nr‘r</strong></span> <span class='ocrx_word' id='word_1_190' title='bbox 274 3379 309 3434; x_wconf 82' lang='lat' dir='ltr'><strong>et</strong></span> <span class='ocrx_word' id='word_1_191' title='bbox 331 3355 435 3436; x_wconf 81' lang='lat' dir='ltr'><strong>Iudae</strong></span> <span class='ocrx_word' id='word_1_192' title='bbox 467 3379 544 3464; x_wconf 74' lang='lat' dir='ltr'><strong>opp.</strong></span> <span class='ocrx_word' id='word_1_193' title='bbox 568 3385 659 3438; x_wconf 85' lang='lat' dir='ltr'><strong>anno</strong></span> <span class='ocrx_word' id='word_1_194' title='bbox 687 3359 911 3462; x_wconf 76' lang='lat' dir='ltr'><strong>lom-1401.</strong></span> <span class='ocrx_word' id='word_1_195' title='bbox 963 3361 1081 3434; x_wconf 86' lang='lat' dir='ltr'><strong>Dedit</strong></span> <span class='ocrx_word' id='word_1_196' title='bbox 1108 3379 1148 3438; x_wconf 87' lang='lat' dir='ltr'><strong>et</strong></span> <span class='ocrx_word' id='word_1_197' title='bbox 1174 3383 1283 3434; x_wconf 85' lang='lat' dir='ltr'><strong>man-</strong></span> 
     </span>
     <span class='ocr_line' id='line_1_29' title="bbox 201 3463 1281 3567; baseline 0.007 -35"><span class='ocrx_word' id='word_1_198' title='bbox 201 3463 328 3536; x_wconf 87' lang='lat' dir='ltr'><strong>datum</strong></span> <span class='ocrx_word' id='word_1_199' title='bbox 350 3466 395 3540; x_wconf 86' lang='lat' dir='ltr'><strong>ad</strong></span> <span class='ocrx_word' id='word_1_200' title='bbox 424 3465 703 3567; x_wconf 82' lang='lat' dir='ltr'><strong>Soprooienscm</strong></span> <span class='ocrx_word' id='word_1_201' title='bbox 725 3467 965 3561; x_wconf 87' lang='lat' dir='ltr'><strong>comitatum,</strong></span> <span class='ocrx_word' id='word_1_202' title='bbox 985 3471 1039 3564; x_wconf 88' lang='lat' dir='ltr'><strong>(e)</strong></span> <span class='ocrx_word' id='word_1_203' title='bbox 1063 3485 1130 3566; x_wconf 82' lang='lat' dir='ltr'>vt,</span> <span class='ocrx_word' id='word_1_204' title='bbox 1162 3467 1281 3544; x_wconf 84' lang='lat' dir='ltr'><strong>archi·</strong></span> 
     </span>
     <span class='ocr_line' id='line_1_30' title="bbox 203 3566 1284 3673; baseline 0.009 -37"><span class='ocrx_word' id='word_1_205' title='bbox 203 3566 372 3670; x_wconf 88' lang='lat' dir='ltr'><strong>episcopo</strong></span> <span class='ocrx_word' id='word_1_206' title='bbox 389 3571 619 3673; x_wconf 74' lang='lat' dir='ltr'><strong>strigoniensi</strong></span> <span class='ocrx_word' id='word_1_207' title='bbox 632 3573 749 3670; x_wconf 88' lang='lat' dir='ltr'><strong>duce,</strong></span> <span class='ocrx_word' id='word_1_208' title='bbox 771 3589 897 3646; x_wconf 87' lang='lat' dir='ltr'>contra</span> <span class='ocrx_word' id='word_1_209' title='bbox 914 3568 1169 3669; x_wconf 79' lang='lat' dir='ltr'><strong>wilhelmum,</strong></span> <span class='ocrx_word' id='word_1_210' title='bbox 1197 3573 1284 3650; x_wconf 79' lang='lat' dir='ltr'><strong>Au·</strong></span> 
     </span>
     <span class='ocr_line' id='line_1_31' title="bbox 203 3667 1283 3863; baseline 0.007 -117"><span class='ocrx_word' id='word_1_211' title='bbox 203 3667 302 3749; x_wconf 82' lang='lat' dir='ltr'><strong>siriae</strong></span> <span class='ocrx_word' id='word_1_212' title='bbox 323 3679 481 3776; x_wconf 81' lang='lat' dir='ltr'><strong>ducem,</strong></span> <span class='ocrx_word' id='word_1_213' title='bbox 508 3680 572 3780; x_wconf 89' lang='lat' dir='ltr'><strong>qui</strong></span> <span class='ocrx_word' id='word_1_214' title='bbox 599 3675 748 3780; x_wconf 73' lang='lat' dir='ltr'><strong>confinia</strong></span> <span class='ocrx_word' id='word_1_215' title='bbox 764 3682 867 3784; x_wconf 84' lang='lat' dir='ltr'><strong>regni</strong></span> <span class='ocrx_word' id='word_1_216' title='bbox 888 3671 1052 3778; x_wconf 73' lang='lat' dir='ltr'><strong>hostiliter</strong></span> <span class='ocrx_word' id='word_1_217' title='bbox 1066 3673 1283 3863; x_wconf 49' lang='lat' dir='ltr'><strong>sibim</strong></span> 
     </span>
     <span class='ocr_line' id='line_1_32' title="bbox 928 3805 1224 3880; baseline 0.014 -20"><span class='ocrx_word' id='word_1_218' title='bbox 928 3855 931 3860; x_wconf 84' lang='lat'>.</span> <span class='ocrx_word' id='word_1_219' title='bbox 1063 3809 1136 3862; x_wconf 83' lang='lat' dir='ltr'><strong>voe</strong></span> <span class='ocrx_word' id='word_1_220' title='bbox 1160 3805 1224 3880; x_wconf 80' lang='lat' dir='ltr'><strong>ar,</strong></span> 
     </span>
    </p>
   </div>
   <div class='ocr_carea' id='block_1_11' title="bbox 203 3927 1321 4202">
    <p class='ocr_par' dir='ltr' id='par_1_11' title="bbox 203 3927 1321 4202">
     <span class='ocr_line' id='line_1_33' title="bbox 203 3927 1321 4069; baseline -0.049 22"><span class='ocrx_word' id='word_1_221' title='bbox 203 3927 1290 4069; x_wconf 46' lang='lat' dir='ltr'><strong>mmcd.</strong></span> <span class='ocrx_word' id='word_1_222' title='bbox 1320 3969 1321 4013; x_wconf 66' lang='lat'><em>³</em></span> 
     </span>
     <span class='ocr_line' id='line_1_34' title="bbox 301 4083 1320 4202; baseline -0.037 -19"><span class='ocrx_word' id='word_1_223' title='bbox 301 4085 343 4162; x_wconf 49' lang='grc' dir='ltr'><strong>(ι)</strong></span> <span class='ocrx_word' id='word_1_224' title='bbox 366 4083 445 4153; x_wconf 79' lang='lat' dir='ltr'><strong>ura.</strong></span> <span class='ocrx_word' id='word_1_225' title='bbox 467 4109 583 4172; x_wconf 58' lang='lat' dir='ltr'><strong>nvos·</strong></span> <span class='ocrx_word' id='word_1_226' title='bbox 626 4091 674 4172; x_wconf 79' lang='lat' dir='ltr'><strong>to</strong></span> <span class='ocrx_word' id='word_1_227' title='bbox 695 4089 977 4160; x_wconf 70' lang='lat' dir='ltr'><strong>exusscomr.</strong></span> <span class='ocrx_word' id='word_1_228' title='bbox 1018 4087 1182 4168; x_wconf 59' lang='lat' dir='ltr'><strong>(aaroni.</strong></span> <span class='ocrx_word' id='word_1_229' title='bbox 1319 4181 1320 4202; x_wconf 19' lang='grc' dir='ltr'><strong><em>Ν</em></strong></span> 
     </span>
    </p>
   </div>
   <div class='ocr_carea' id='block_1_12' title="bbox 0 0 1358 4398">
    <p class='ocr_par' dir='ltr' id='par_1_12' title="bbox 0 0 1358 4398">
     <span class='ocr_line' id='line_1_35' title="bbox 0 0 1358 4398; baseline 0 0"><span class='ocrx_word' id='word_1_230' title='bbox 0 0 1358 4398; x_wconf 95' lang='lat' dir='ltr'><strong> </strong></span> 
     </span>
    </p>
   </div>
  </div>
 </body>
</html>
