2718 4392
344 193 351 224 ⁷
409 193 432 326 2
462 204 584 300 tax·
624 217 861 297 xxxt·v.,
1049 237 1122 316 395
1161 163 1185 315 'x

105 409 178 488 que
218 389 358 492 legatus
390 395 425 470 in
463 394 646 496 hungaria
685 387 899 491 perfisteret,
927 383 1089 482 indulbt,
1125 385 1178 472 (al

105 493 255 598 Romae,
283 495 331 571 II.
354 497 474 596 Maii,
492 517 586 600 pont.
624 523 682 571 an.
702 490 770 570 III.
823 491 1024 570 Periculum
1044 513 1178 586 tamen,

106 602 208 696 quod
229 627 249 676 a
272 607 399 678 Turris
422 601 676 702 impendebat,
704 605 798 674 intra
818 617 958 674 metum
984 600 1055 672 hoc
1080 619 1178 672 anno

105 703 287 806 constitit,
313 733 389 808 quo
419 709 673 802 Mahometes,
694 707 815 804 animo
842 723 991 804 repente
1014 725 1180 778 eommu-

104 825 204 906 tato,
224 815 353 912 copias
382 817 420 886 in
450 812 568 890 Astam
603 814 764 908 traiecit,
804 833 844 886 ac
874 807 1033 884 infelices
1070 811 1181 882 Grae·

109 916 235 988 torum
279 917 444 1020 reliquias
480 914 541 991 sub
576 917 701 1020 iugum
742 915 843 990 misit.
913 921 1031 988 fluum
1073 917 1181 1014 igitur

108 1022 292 1122 Hungaria
322 1027 394 1100 hoc
421 1045 517 1096 anno
556 1043 657 1097 metu
697 1021 782 1096 belli
809 1021 955 1097 liberata
982 1020 1045 1109 fita
1085 1017 1178 1098 card.

110 1123 278 1224 legatus,
316 1131 389 1204 hoc
425 1151 574 1200 munere
604 1125 853 1201 multisannis
880 1129 919 1199 in
948 1128 1027 1200 'hoc
1064 1141 1178 1222 regno

108 1251 193 1302 cum
227 1229 333 1311 laude
362 1229 532 1330 fundus,
560 1227 621 1306 sub
657 1235 800 1307 initium
837 1235 1002 1307 autumni
1029 1237 1181 1304 Romam
1212 1229 1218 1236 '

106 1333 266 1414 reuersus
289 1337 351 1414 est.
372 1333 434 1438 (b)
562 1371 565 1378 ·

217 1549 270 1624 A·
290 1549 327 1626 C
351 1564 469 1650 1462..
488 1549 609 1634 Mart
634 1575 667 1648 ς.
698 1547 774 1640 Iud.
807 1521 868 1634 102
892 1553 929 1632 P.
950 1563 1008 1640 18·
1029 1551 1081 1628 A.
1266 1538 1277 1556 ⁸

215 1763 350 1837 cetu.
381 1766 530 1839 Graecis
558 1757 893 1861 manduntur,
932 1759 1086 1838 uos'ntae
1114 1763 1183 1840 bel-

111 1869 310 1960 liTurcici
338 1867 453 1946 moles
484 1861 706 1948 imminebat.
770 1873 972 1971 Stephanus
1001 1871 1180 1967 Thomas,

15 2019 16 2030 κ
106 1977 211 2053 cuius
230 1972 378 2074 perfidia
390 1977 647 2070 Szendrouiam
665 1979 871 2053 Mahometi
892 1975 1059 2058 traditam
1080 1974 1182 2076 ‚fuine

111 2083 289 2176 diximus,
315 2079 376 2154 sub
406 2085 490 2154 anni
517 2079 704 2182 superioris
733 2087 868 2158 exitum
893 2099 1079 2176 mortuus,
1109 2079 1197 2155 suc:

108 2181 281 2282 celiorem
316 2182 454 2288 accepit
470 2189 690 2287 Stephanum
724 2185 868 2288 hlium,
891 2205 1000 2288 quem
1024 2209 1069 2260 ex
1101 2193 1182 2267 Ma·

108 2294 209 2367 thiae
237 2293 388 2368 Coruini
413 2297 508 2397 regis
535 2289 758 2394 instigatione
798 2297 890 2396 patri
929 2285 1107 2367 violentas
1140 2295 1178 2368 in

108 2393 206 2472 ledlo
230 2413 356 2470 manus
379 2396 562 2496 intulille,
585 2401 789 2502 morboque
811 2395 971 2502 familiari
995 2403 1183 2474 mortuum

108 2506 148 2581 in
171 2498 302 2602 vulgus
320 2499 502 2604 ,spatlille,
532 2505 767 2581 catharinam.
788 2507 1006 2606 coniugem,
1038 2499 1181 2580 detedlu

111 2607 326 2708 parricidio,
353 2610 605 2686 Mahometem
624 2614 662 2684 in
681 2607 874 2686 vindidlam
901 2607 1079 2702 euocasse,
1105 2609 1196 2680 Du·.

50 2771 56 2782 .
109 2711 247 2790 frenios
288 2733 332 2788 ex
361 2715 537 2794 Luctario
564 2713 694 2792 scribit.
723 2721 783 2812 ’()
837 2717 907 2792 Sed
939 2715 1035 2788 enim
1078 2709 1123 2785 ali

115 2821 343 2912 Tartarum,
394 2819 453 2892 in
477 2819 648 2896 Bosniam
681 2825 981 2922 irrumpentium,
1033 2837 1184 2892 cauam

115 2919 238 3020 fuisse,
263 2919 476 2998 Gobellinus
504 2927 623 3003 tradit.
675 2927 756 3003 Alia
780 2949 929 3025 quoque
953 2925 1111 3020 Matthiae
1131 2945 1190 2996 re·

140 3029 172 3100 is
193 3019 337 3102 indoles
364 3049 458 3127 erat,
489 3051 599 3134 quam
626 3051 666 3106 vt
695 3034 874 3108 eiusmodi
908 3027 1033 3105 scelere
1069 3027 1184 3100 vindi·

113 3054 211 3211 gam
253 3133 389 3206 sumere
416 3131 534 3211 vellet.
589 3143 722 3238 Neque
758 3136 790 3210 se
829 3159 902 3211 tam
927 3135 1115 3210 inimicum
1150 3132 1190 3206 ei

113 3235 348 3342 praebuiliet3
376 3237 419 3338 fi,
447 3241 673 3342 serdente,
699 3262 842 3319 tantum
866 3224 922 3318 lh
944 3239 1184 3340 facinusqu-

117 3341 296 3446 petralset.
348 3347 468 3445 Nam,
494 3349 683 3449 postquam
702 3347 805 3450 illum
825 3351 862 3419 in
882 3347 1031 3449 gratiam
1050 3370 1069 3418 a
1094 3367 1184 3447 pon·

115 3447 216 3528 tiliee
244 3469 429 3555 receptum
454 3449 648 3540 intellexit3
674 3479 728 3550 ac,
754 3456 908 3532 vtidem
939 3449 1010 3552 ipse
1036 3471 1184 3550 quoque

113 3554 274 3666 faceret,
314 3563 576 3641 adhortatorias
609 3561 810 3644 abeodem
847 3559 984 3638 litteras
1020 3557 1188 3656 accepitr'
1239 3621 1247 3636 .

247 3677 250 3684 ’
1039 3665 1140 3737 'hoc'

126 4019 131 4032 ·
158 3917 686 4062 (ae)bptlrpr.t.*11.1'p.·4au.
726 3975 775 4060 (b)
795 3975 874 4044 ult.
907 3975 1117 4052 01.Τ.ΧΝ,
1149 3995 1185 4068 p.
1338 3971 1339 3976 ’

89 4087 94 4094 ’
213 4094 399 4168 alwio
444 4082 599 4178 (antipa.
620 4087 694 4171 Cur·
717 4085 800 4158 vall.
823 4099 976 4182 ptam.
1013 4139 1018 4146 .
1100 4137 1105 4148 .
1211 4113 1212 4118 =
