2706 4396
215 181 299 260 ¹234
480 157 948 256 ,SIGISMVND..VS,·

1339 221 1340 258 l

99 353 101 362 ’
168 327 341 424 Barbara,
383 349 451 404 uec
482 327 521 402 in
553 307 785 426 conspedium
818 323 989 422 admissa,
1023 326 1242 401 Varadiuum
1339 352 1341 478 p

9 489 12 503 .
166 435 317 532 migrare
350 429 434 504 iulia
465 429 554 530 fuit,
579 425 748 526 fortaffis,
783 451 825 506 vt
866 455 910 507 ex
940 429 1246 532 consequentibus
1340 491 1341 506 ,

168 540 270 639 argui
290 535 432 638 potest,
458 539 582 636 quod,
622 535 767 612 absente
793 538 1052 638 Sigismuudo,
1079 537 1174 613 haud
1198 535 1245 612 sa·
1340 539 1341 560 ³

170 645 216 716 tis
240 643 372 742 pudice
400 643 513 718 vitam
531 643 738 718 traduxerit.
791 645 826 715 Si
847 639 1023 744 Dlugollo
1041 641 1244 730 credimus5
1341 658 1342 708 t

132 783 134 788 ·
171 769 285 848 opera
311 745 512 843 wladislai,
543 745 717 823 Poloniae
750 749 866 850 regis,
894 747 967 820 hoc
994 770 1093 821 anuo
1120 749 1246 822 Barba·
1341 749 1342 772 ³

169 875 231 928 rae
266 853 414 956 coniugi
452 851 666 930 conciliatus
697 851 778 928 fuit.
832 853 940 927 Guod
983 854 1131 953 quidem
1159 851 1244 928 inde

169 955 213 1033 fit
240 955 463 1056 verosimile,
509 959 634 1062 quod,
674 981 788 1060 quum
815 957 1066 1060 sigismundus
1102 957 1247 1032 Dobro·
1342 964 1343 1022 ῐ

167 1063 352 1164 nyenfium
385 1085 423 1142 et
446 1061 771 1140 Babalzekieu'srum
803 1058 990 1166 priuilegia
1026 1061 1245 1161 confirmat,
1342 1105 1343 1108 π

166 1167 343 1248 undecimo
382 1167 448 1246 tal.
488 1167 582 1264 Sept.
619 1193 710 1245 anno
738 1166 959 1244 MCDXIX.
985 1169 1108 1274 dicat,
1137 1168 1172 1241 id
1210 1167 1244 1244 se

109 1289 112 1299 '
167 1272 305 1376 facere,
334 1271 376 1350 de
392 1270 549 1377 conflasti
569 1295 603 1350 et
622 1271 833 1376 benepltcita
855 1273 1031 1354 volentate
1051 1267 1129 1373 ser.
1144 1278 1245 1374 pritt-
1343 1270 1344 1288 ³

112 1417 116 1426 ·
167 1386 280 1484 cipis,
311 1377 363 1456 D.
388 1377 593 1478 Barbarae,
630 1375 774 1457 Roman.
801 1399 834 1456 et
853 1377 978 1484 Hung.
994 1417 1047 1436 -
1078 1385 1245 1484 reginae,

169 1479 433 1586 constsrtirsttae
450 1483 637 1586 carifflmae
648 1507 661 1570 ς
689 1483 751 1558 nist
770 1481 864 1560 forte
887 1487 977 1584 haec
1008 1483 1053 1556 de
1080 1483 1161 1559 stilo
1180 1507 1245 1560 cu·

168 1593 241 1666 alae
262 1583 409 1666 fortalsts
434 1591 554 1666 addita
586 1585 736 1666 fuillent.
788 1590 889 1666 Idem
912 1584 1107 1692 Dlugollus
1142 1592 1248 1692 sigim

169 1697 298 1771 mundi
319 1720 403 1770 cum
427 1691 620 1772 wladislao
648 1693 876 1799 congrellum
901 1695 947 1768 ad
978 1696 1077 1768 hunc
1107 1719 1245 1770 anuum

170 1797 277 1878 refert
284 1827 297 1890 3
325 1805 382 1897 (a)
413 1825 456 1878 ea
473 1822 595 1877 tameo
616 1805 810 1878 narrationi
832 1801 917 1876 huic
933 1797 1101 1874 admiscet
1108 1823 1247 1902 „quae
1345 1880 1346 1898 ,

169 1905 245 2004 fine
258 1905 442 1984 stomacho
466 1904 537 2010 legi
559 1931 637 1982 non
673 1903 817 2006 poliuti
867 1905 993 1980 Toties
1020 1907 1118 1980 enim
1141 1905 1248 2008 Sigis-

169 2015 372 2109 mundum,
398 2011 599 2114 principem
619 2009 722 2088 illum
759 2013 804 2088 de
839 2009 1015 2114 religione
1044 2030 1120 2085 tam
1148 2011 1247 2086 bene

93 2140 98 2165 ¹
169 2120 359 2218 meritum,
391 2121 435 2192 ab
463 2117 558 2191 orbis
590 2115 782 2194 Christiani
810 2112 1091 2220 praesulibusin
1123 2119 1250 2194 conci·

168 2221 220 2298 lio
258 2219 519 2298 Constantiensr
563 2242 756 2323 tantopere
801 2217 1007 2321 laudatum,
1054 2239 1246 2322 tamquam

167 2321 411 2427 versipellem,
456 2326 712 2427 impostorem,
758 2329 991 2424 mendacem,
1035 2330 1249 2427 periurum,

171 2432 326 2508 astutum
352 2435 535 2530 traducit,
559 2453 601 2514 vt
620 2429 872 2531 wladislaum,
899 2454 1023 2534 regem
1045 2423 1250 2532 suum,ad-

169 2539 321 2612 modum
341 2539 510 2614 hebetem
536 2531 633 2613 fuisse
661 2533 762 2614 fimul
785 2543 937 2632 innuat,
976 2539 1039 2637 qui
1071 2539 1184 2612 toties
1223 2561 1246 2612 a

170 2634 410 2745 sigismundo„
425 2643 459 2720 se
488 2641 605 2744 dec'ipi
631 2641 835 2746 permiserit.
857 2657 859 2664 ‘
888 2650 978 2730 Hoc¹
998 2641 1049 2718 eli
1065 2638 1247 2718 conseda-

170 2749 266 2826 riuni
309 2745 569 2828 calumniarum
612 2743 955 2853 Dlugollianarum,
1008 2749 1137 2847 quibus
1168 2769 1247 2850 ego

171 2854 319 2936 meliora
342 2851 433 2930 sensa
465 2857 655 2954 neutrique
681 2858 835 2958 principi
858 2875 936 2934 tam
971 2851 1136 2948 iniuriosa
1157 2839 1251 2928 sutri·

168 2963 239 3036 cio.
294 2958 521 3048 wladislaum
551 2985 681 3062 nempe
700 2962 938 3064 damoomm,
965 2951 1252 3062 aPrulllaecru-

89 3091 92 3096 ’
168 3063 284 3142 ciferis
308 3085 563 3165 acceptorum,
595 3069 775 3144 memoria
807 3061 1037 3166 vindidlaque
1070 3063 1252 3166 longius,

51 3327 52 3330 ψ
169 3195 281 3365 tw
306 3169 1272 3387 trititirtlfflll.rill¹¹¹lrtisslllttlt-

169 3379 306 3485 missile,
337 3397 383 3457 vt·
401 3385 682 3460 immoderatum
710 3384 808 3458 hunc
831 3381 982 3460 ultionis
1003 3377 1136 3460 aestum
1156 3401 1255 3456 tcm-

132 3532 135 3541 ·
170 3507 325 3588 peraret.
378 3491 451 3566 Sub
469 3489 618 3570 ‘exitum
639 3489 749 3586 Maii,
776 3487 837 3564 sub
853 3490 1023 3568 medium
1058 3489 1147 3562 item
1170 3487 1254 3560 Au·

197 3591 287 3690 ulli,
328 3595 597 3696 sigismundum
639 3593 821 3672 eassouise
861 3589 985 3694 mille,
1033 3590 1175 3670 conllat
1204 3611 1253 3668 ex

171 3615 301 3782 loeus
332 3701 467 3786 ibidem
495 3703 612 3808 datis,
639 3701 739 3804 siria.
765 3724 804 3784 α.
823 3717 932 3814 prox·
949 3695 1024 3816 post
1036 3688 1170 3886 χὶεβῖη
1200 3693 1252 3772 B.

663 3873 666 3882 .
1077 3831 1106 3886 ,r
1130 3829 1194 3883 aar
