2664 4398
263 163 266 171 ¹
321 263 328 270 -
382 283 384 289 .
448 225 542 300 nar
594 221 811 334 xrvn.⁸
1053 237 1111 317 75·

84 389 375 490 Cracouiamque
402 389 601 492 profedium
638 409 697 486 17.
721 389 942 466 Nouembris
973 381 1162 462 inondum
1261 443 1268 470 χ

83 515 120 568 et
154 515 372 570 coronatum
399 493 477 572 ess‘e.
531 500 769 592 Ludouicus,
814 493 985 593 exsequiis
1010 488 1163 566 Castmiri

87 623 148 693 19.
169 601 394 676 Nouembris
417 604 616 680 Cracouiae
641 601 850 696 celebratis,
880 601 1097 695 Gnesnaque
1111 598 1163 668 vi·

85 704 204 804 fitata,
248 705 441 782 Poloniam
476 707 696 784 Elisabethae
733 709 836 780 matri
887 702 1159 806 gubernandam
1191 786 1197 798 .

84 811 289 910 commifit,
314 837 358 887 ac
383 811 579 916 insignibus
612 815 715 914 regni
743 813 862 886 secum
906 811 1087 909 acceptis,
1121 807 1158 876 in
1185 857 1190 866 .

84 921 307 1016 Hungariam
333 919 450 1020 rediit.
501 922 572 992 Die
596 917 657 1008 28ss
675 919 886 992 Decembris
901 919 938 989 in
952 913 1161 1013 Dios-Gyb'r
1240 958 1243 966 η
1323 933 1324 940 “

83 1021 157 1096 iam
185 1021 352 1122 diploma
375 1023 486 1100 dedit.
517 1031 575 1124 (a)

118 1243 123 1250 ·
205 1192 259 1309 A'.
292 1234 330 1311 e.
357 1257 472 1340 1371.
498 1234 587 1313 tur.
613 1257 675 1334 30·
708 1233 783 1313 nr.
806 1262 844 1330 9.
873 1235 910 1312 r.
928 1245 964 1316 s.
986 1237 1039 1312 A.

178 1452 365 1528 LXXXV
378 1453 478 1529 Bene
490 1449 738 1552 sapienterque
752 1454 962 1546 [sudouicus
986 1453 1160 1552 prouidit,

85 1578 284 1658 verumque
309 1575 463 1656 reguum
499 1560 543 1630 ab
574 1581 650 1632 vno
680 1559 843 1658 principe
873 1561 941 1631 rite
970 1557 1162 1658 gubernari

85 1687 164 1740 non
193 1657 304 1763 posse.
357 1662 629 1736 Prouinciarum
670 1664 767 1735 enim
803 1663 1024 1760 amplitud0,
1069 1682 1160 1760 quas

85 1773 182 1842 inter
217 1769 287 1840 tria
327 1767 460 1862 maria,
495 1763 702 1864 Balticum,
733 1769 967 1857 Adriaticum
992 1783 1030 1840 et
1063 1771 1158 1839 Pon-

84 1896 163 1948 tum
201 1874 410 1966 Euxinum,
445 1872 626 1970 obtinuit,
648 1875 701 1946 ite
729 1891 830 1946 curas
874 1891 911 1946 et
948 1873 1040 1946 vires
1061 1869 1157 1946 iliius

84 1979 271 2073 distraxit,
294 1998 360 2074 vt,
392 1978 558 2074 quamuis
585 1999 715 2078 magna
734 1996 858 2051 mente
874 1977 1075 2077 ‚praeditus
1105 1971 1180 2050 fn·
1237 2007 1242 2016 ·

85 2089 183 2180 erit,
213 2105 321 2182 aegre
353 2099 477 2154 tamen
499 2083 666 2156 omnibus
685 2077 846 2156 sufficere
866 2081 1037 2181 potuerit.
1093 2085 1161 2156 Po·

85 2187 219 2262 ioniam
247 2188 420 2286 quidem,
446 2199 488 2260 vt
514 2189 692 2284 diximus,
719 2187 1027 2262 administrandam
1054 2187 1161 2258 matri
1194 2179 1197 2186 ⁴

83 2293 167 2370 snae
185 2291 434 2390 commiserat,
463 2315 591 2392 quarn,
618 2311 748 2390 utpote
769 2293 968 2387 Polonam,
1000 2287 1159 2366 defundi

87 2399 249 2471 casimiri
280 2395 462 2493 sororem,
496 2397 726 2497 popularibus
756 2395 824 2470 suis
861 2420 938 2472 non
968 2393 1160 2496 displicitu-

87 2529 164 2578 ram
197 2503 362 2601 sperauit.
415 2497 523 2576 Secbs'
549 2506 683 2578 euenit.
735 2505 841 2576 Licet
872 2506 969 2578 enirn
999 2502 1073 2604 ipse
1088 2503 1159 2574 Lu·

87 2609 242 2683 donicus
259 2611 335 2680 eius
347 2611 474 2683 eximia
488 2610 679 2706 prudentia
698 2606 921 2707 confidoque
936 2610 1156 2708 Hungariam

88 2716 234 2813 optimo
250 2711 403 2788 successu
428 2716 703 2814 gubernauerit3
739 2733 866 2786 contra
889 2711 1084 2786 femineum
1105 2731 1156 2784 ta·
1229 2779 1234 2794 ,

87 2843 178 2893 men
207 2820 368 2892 eiusdem
399 2819 439 2892 in
469 2815 618 2892 Polonia
644 2821 806 2922 regimen
832 2815 937 2917 saepe
964 2812 1156 2918 Dlugoffus

86 2926 273 3024 queritur,
300 2927 364 3024 qui
391 2947 477 2998 mox
501 2927 730 3023 Heduigem,
757 2923 902 2998 tertiam
917 2925 1098 2998 Ludouici
1118 2918 1178 2992 fi·-

86 3027 198 3124 iiarn,
233 3027 421 3102 infeliciter
447 3025 617 3109 Poloniae
650 3026 915 3128 praestituram,
955 3031 1027 3104 hoc
1053 3047 1158 3099 anno

87 3155 212 3208 natam
233 3132 301 3209 esse
330 3131 486 3235 testatur.
502 3131 568 3234 (b)
596 3135 805 3208 Ludouicus
820 3132 966 3226 subinde
982 3155 1068 3208 tum
1086 3128 1158 3210 Eli·¹

86 3237 233 3313 sabetha
255 3244 415 3342 coniuge.
433 3237 649 3314 Dalmatiam
688 3242 816 3337 petiit,
843 3263 883 3314 ac
915 3240 989 3314 'aliis
1015 3235 1159 3314 urbibus

86 3347 225 3441 obitis,
247 3349 384 3432 Iadram
401 3348 549 3420 tandem
569 3340 722 3420 acceffit.
775 3349 855 3424 Huc
880 3369 955 3420 vno
987 3341 1089 3442 prius
1110 3337 1159 3414 se-

86 3449 176 3524 culo
195 3474 326 3552 corpus
351 3457 387 3524 S.
413 3453 614 3546 Simeonis,
659 3453 721 3550 qui
755 3447 932 3524 Christum
959 3447 1053 3525 vlnis
1090 3443 1158 3520 suis

85 3554 464 3656 condemnent,
495 3577 515 3626 e
547 3555 739 3632 Palaestina
755 3556 977 3631 'translatum
1015 3551 1085 3650 est,
1112 3553 1158 3625 de
1290 3602 1295 3612 ι

85 3684 167 3762 quo
193 3665 367 3740 certiores
384 3661 511 3737 redditi
534 3686 596 3738 tex
619 3683 657 3736 et
689 3663 837 3763 regina,
862 3657 996 3738 sacrum
1025 3661 1159 3760 pignus

254 3767 259 3780 '
1011 3765 1103 3844 caste

126 4085 276 4171 ΘΗΜ·
305 4086 357 4158 Cr·
385 4087 470 4161 U·
502 4109 531 4171 p·
553 4080 740 4168 448··‘·4⁶t·
786 4081 1138 4186 (b)Libr·X.soi.14.
1206 4119 1211 4126 ·
