2664 4398
320 180 324 189 ¹
445 185 798 292 nennium
1030 156 1103 310 iet
1135 261 1141 286 .

84 413 315 522 viterbinus,
335 426 471 502 ordinis
485 431 556 504 FF.
572 427 670 500 MM.
688 422 824 527 praeses
836 433 860 522 ‚'
876 373 926 510 ad
948 418 1159 522 prouinciae

84 527 116 596 S.
133 525 316 607 Francisci
338 531 538 606 ministrum
559 535 597 604 in
616 533 706 607 haec
735 533 843 608 verba
863 525 1077 634 perscripsit:
1099 529 1159 618 (a)

86 683 109 720 „
133 631 275 732 Accepi
319 635 481 713 hesterna
522 638 580 714 die
607 639 702 739 regis
738 643 859 814 flung.
877 647 881 658 “
899 629 1160 709 Ludouici'et

87 778 110 820 ῃ
132 737 290 814 Bosniac
328 743 451 817 vicarii
490 737 626 822 litteras
664 744 812 817 iucundi
842 763 942 832 imas.
1012 741 1064 810 Vt
1100 735 1160 807 hic
1261 798 1264 806 .

87 886 110 925 „
136 846 308 940 nunciat,
335 867 467 948 rogatu
489 851 606 948 regis,
637 849 675 922 in
694 851 884 948 regionem
909 846 1066 926 vicinam
1091 841 1157 922 ml·

88 991 111 1031 a
136 941 176 1028 fit
191 949 330 1029 ordinis
350 952 461 1028 nostri
485 947 607 1054 fratres
625 961 661 1038 8.
684 957 748 1052 qui
767 953 907 1028 dierum
937 969 996 1048 50.
1020 945 1160 1043 spatio,

87 1105 111 1143 η
137 1049 218 1150 plus
238 1075 328 1154 200,
353 1058 547 1132 hominum
566 1055 677 1132 millia
695 1055 812 1132 salutis
835 1055 937 1132 fonte
953 1057 1160 1127 tinxeruntr

90 1205 114 1244 „
139 1177 180 1230 ac
202 1181 248 1233 ne
276 1185 451 1240 numerus
481 1183 676 1238 vocaretur
702 1165 739 1254 in
756 1165 909 1236 dubium
920 1186 936 1252 ,·
964 1179 1026 1235 rex
1045 1155 1159 1256 strigu-

91 1313 114 1351 „
135 1259 322 1344 incorum
346 1270 498 1354 nomina
519 1269 556 1342 in
585 1266 726 1342 tabulas
747 1267 910 1370 publicas
942 1260 1062 1340 referri
1095 1257 1161 1336 ius·

90 1421 114 1460 a
139 1366 188 1450 stt
262 1377 444 1447 Attamen
473 1373 638 1448 nondum
674 1375 783 1459 tertia
823 1373 983 1474 regionis
1013 1389 1095 1466 pars
1124 1363 1162 1454 se¹

90 1521 115 1562 „
140 1471 264 1548 nostris
282 1479 420 1554 addixit
440 1476 553 1553 sacris.
604 1479 789 1576 Principes
819 1501 904 1554 cum
930 1469 1094 1549 'subiectis
1114 1471 1159 1552 ad

90 1620 113 1660 η
141 1577 319 1677 baptisma
352 1587 540 1662 turmatim
571 1577 774 1659 confluunt.
827 1583 1008 1665 Haeretici
1045 1599 1161 1677 aeque

92 1705 181 1791 με
204 1683 418 1768 ¹schismatici
447 1690 491 1763 ad
522 1689 636 1766 finum
671 1685 838 1771 ecclesiae
864 1693 970 1762 Rom.
1003 1686 1161 1766 redeunt

92 1841 114 1880 ,‚
139 1787 205 1862 suis
237 1817 323 1866 cum
359 1793 599 1872 sacerdotibus
637 1813 676 1872 et
701 1793 913 1888 monachis,
945 1807 1050 1867 antea
1084 1793 1160 1860 tarn

51 1943 59 1954 ·
92 1935 114 1977 a
141 1891 339 1979 obstinatis.
391 1903 583 1978 Laetitiam
613 1901 745 1974 minuit
765 1899 1012 2004 operariorum
1040 1891 1191 1993 pauci·

92 2053 115 2092 „
142 2018 198 2074 tas
230 2027 299 2102 pro
329 2001 435 2088 melle
462 2023 536 2080 tam
569 2002 709 2105 ampla,
750 2023 784 2088 et
815 2023 925 2080 metas
949 1993 1162 2084 amittendae

92 2103 357 2214 βωμία,
400 2128 458 2185 tot
482 2109 623 2212 populis
650 2107 925 2210 frequentatae,
958 2129 1068 2206 quarn
1099 2103 1173 2182 rel<¹

92 2261 116 2301 „
133 2213 266 2314 ¹ilung.
287 2215 325 2286 in
355 2213 567 2314 potestatem
599 2216 740 2316 redegit
773 2212 881 2296 suam.
935 2209 1092 2286 Patarini
1125 2225 1166 2306 et

93 2317 353 2405 „Manichaei
382 2317 643 2404 solitomelius
679 2315 797 2396 affetu
833 2316 914 2392 sunt
953 2317 997 2391 ad
1032 2314 1163 2412 baptis·

92 2471 115 2509 ‚,
141 2443 245 2496 mum
264 2427 530 2524 accipiendum.
583 2430 658 2520 R'ert
678 2422 736 2501 fibi
755 2427 830 2504 duo
856 2421 1005 2497 fratrum
1026 2419 1164 2500 nostro-

92 2577 116 2614 „
140 2551 223 2600 rum
250 2527 361 2603 millia
401 2533 657 2632 mitti'cupitt
695 2528 864 2630 suamque
900 2529 1008 2630 ipsius
1047 2525 1161 2601 vitam

92 2673 115 2710 n
141 2631 313 2731 periculis
335 2635 450 2720 vellet
484 2637 659 2733 obliterc,
687 2653 730 2708 vc
760 2653 916 2720 errantes
947 2636 1165 2706 ducerentur

90 2788 115 2826 ‚‚
140 2741 183 2818 ln.
206 2733 381 2816 viam.‘·‚-
398 2749 421 2794 “
474 2739 725 2822 Luculentum,
749 2743 823 2816 hoc
844 2739 893 2812 est
910 2737 1163 2812 Ludouicaeae

91 2843 238 2938 pletatis
256 2842 609 2950 studiique-verae
624 2842 808 2946 religionis
823 2843 1092 2933 testimonium,
1120 2861 1164 2922 ex3
1261 2867 1265 2875 ·

91 2969 167 3042 quo
198 2967 379 3045 praeterea
405 2950 632 3052 colligimus,
661 2947 864 3052 Bulgariam
897 2951 970 3034 hoc
997 2965 1163 3042 tempore

91 3052 326 3127 Ludoulcum
352 3055 412 3130 fibi
438 3053 615 3133 subiecisse
629 3081 642 3142 3
672 3055 742 3129 huc
767 3052 879 3156 igitur
901 3052 990 3134 illud
1021 3053 1166 3126 echr0-.

94 3159 188 3232 uicit
211 3161 331 3258 patriis
358 3168 558 3262 pertineret
587 3157 647 3259 (b)
677 3155 754 3264 Post
773 3155 854 3236 laec
870 3185 1016 3265 regnum
1032 3155 1165 3261 Burga-

94 3267 194 3358 riae,
208 3257 335 3362 ficret
357 3292 498 3355 coronat
521 3263 648 3372 ldarng.
665 3261 889 3366 subudum,
926 3289 1002 3340 cum
1032 3287 1162 3368 rizagran

86 3375 247 3468 potentia
275 3375 452 3474 intrauit,
468 3451 470 3464 ,
485 3393 520 3462 at
558 3369 678 3458 Badara
707 3377 725 3468 (
737 3371 941 3458 Vidinum)
986 3371 1165 3452 ciuitatem
1275 3387 1280 3394 ·

92 3477 252 3575 capiens,
286 3503 433 3583 regnum
458 3473 532 3577 fibi
550 3471 794 3580 firbiugauita
821 3479 1014 3576 principem
1042 3471 1165 3576 ipsae,

91 3578 231 3658 nomine
247 3577 507 3660 Saraclamarum
533 3579 839 3674 (Stra'llimirunr)
882 3575 995 3683 quise
1019 3579 1164 3680 impera-

92 3702 201 3762 torem
236 3683 431 3796 Bulgariae
452 3683 677 3804 norrrinadat,
720 3693 856 3802 capiens
884 3704 916 3772 et
946 3685 985 3760 in
1016 3681 1166 3792 Irlrrrgas

952 3859 954 3866 Α
1023 3815 1116 3875 aram

779 3947 1159 3968 mun-uun·-

119 3965 271 4168 ’(ΦΞᾌΡ·
288 4001 497 4080 trentam.
512 4005 617 4080 xxlv.
637 4025 669 4098 p·
690 4021 762 4080 aaa,
808 3973 849 4090 ir)
872 3973 1012 4078 Caram
1026 3999 1084 4092 ut,
1101 3965 1165 4090 aad.
