2718 4392
232 221 309 302 372
529 200 805 280 MATlllAs
843 211 889 282 Ἰ.

175 389 256 470 sum
293 389 453 496 gelserlt,
480 416 557 468 non
589 391 706 469 multo
740 393 820 498 poll
846 401 1011 498 aperuit,
1036 400 1086 468 ita
1112 389 1255 490 religio

175 525 261 576 nem
284 499 499 573 catholicam
534 505 736 600 opprimere
758 524 932 602 conatus,
958 521 1000 578 vt
1026 528 1046 576 a
1074 493 1252 599 pontifice

176 609 261 678 diris
281 607 458 702 deuotus,
486 629 507 680 a
529 607 669 680 Mathla
700 603 794 681 iuliis
824 612 930 690 armis
956 611 1093 708 petitus·
1119 599 1247 672 fuerit.

175 713 245 786 Sed
265 709 338 782 hoc
356 707 502 783 d'ecimo
523 709 605 812 poli
632 736 729 786 anno
752 709 885 788 latrum
914 713 974 790 est.
1018 721 1136 790 Nunc
1168 699 1249 776 Cal·

175 813 272 889 lilius
297 817 336 886 id
359 815 509 916 agebat,
536 837 578 892 vt
600 809 778 892 Mathiam
811 821 854 891 ad
886 807 1117 919 pacemsscum
1148 805 1249 880 Chri·
1278 879 1280 884 .

176 917 296 994 stianis
317 923 536 1020 principibus
556 919 781 997 sanciendam
803 947 846 998 ac
875 924 1012 999 bellum
1040 928 1079 994 in
1107 921 1247 988 Turcas

173 1023 430 1125 suscipiendum
459 1031 652 1124 excitaret,
679 1023 804 1101 litteris
844 1031 887 1104 ad
917 1047 1002 1106 eum
1037 1024 1149 1119 datis,
1179 1017 1243 1120 (a)

174 1130 229 1207 dle
253 1128 354 1206 XIII.
388 1131 486 1207 Maii
508 1129 766 1212 MCDLVIH.
816 1137 950 1234 Neque
979 1131 1135 1208 Mathias
1170 1121 1246 1232 'suis

172 1241 332 1337 partibus
354 1241 487 1336 deerit,
516 1256 694 1340 quantum
718 1263 782 1340 per
804 1243 945 1314 vicinos
961 1239 1135 1340 principes
1153 1231 1248 1312 {ice-

174 1345 238 1416 bit.
291 1347 359 1418 Sed
377 1360 419 1421 vt
440 1337 535 1420 bello
560 1367 738 1444 magnus,
763 1345 812 1417 ita
841 1343 990 1422 iustitiae
1011 1345 1121 1425 studio
1146 1331 1246 1414 cele-

174 1451 368 1548 berrimus,
395 1452 463 1523 lain
501 1451 600 1523 nulle
622 1461 769 1523 omnem
797 1471 942 1549 operam
973 1475 1013 1536 eo
1039 1443 1246 1536 conuertit,

174 1570 216 1626 vt
252 1555 353 1628 suum
385 1559 518 1656 cuique
536 1553 592 1629 ius
615 1551 847 1652 redderetur,
876 1567 964 1632 n'euc
992 1547 1249 1662 potentiorum

174 1655 311 1733 iniuriis
344 1659 560 1734 infirmiores
599 1659 897 1760 opprimerentur.
945 1667 987 1741 ld
1019 1665 1137 1764 plures
1169 1655 1247 1726 cius

174 1760 342 1862 litterae,
369 1769 471 1840 B'uda
503 1767 575 1840 hoc
599 1783 696 1838 anno
723 1767 850 1860 datae,
882 1769 1037 1865 docent,
1068 1787 1130 1860 27.
1146 1757 1241 1860 Apr-
1336 1823 1337 1842 t

23 1837 24 1840 Ἴ
173 1887 211 1969 7.
235 1891 294 1966 17.
312 1897 374 1965 29.
400 1870 475 1947 Iun.
497 1893 532 1969 3.
549 1865 610 1965 24}
633 1891 695 1968 31·
716 1867 779 1946 Iul.
802 1889 912 1982 3.14.
931 1867 1098 1982 Augusti·
1119 1863 1179 1960 (b)

159 2134 163 2142 ·
243 2077 494 2161 ccxxxix.
537 2087 718 2161 Guamdlu
752 2087 872 2162 Budae
907 2082 1064 2160 Mathias
1101 2077 1246 2166 manlit;

173 2192 395 2270 Michaelem
421 2189 658 2292 Szilagylum,
685 2193 906 2270 auunculum
937 2214 977 2264 ac
1012 2191 1246 2290 praecipuum

173 2299 254 2374 luae
276 2293 449 2372 libertatis
479 2318 517 2370 et
543 2299 663 2398 regiae
683 2299 866 2399 dignitatis
907 2294 1087 2369 aridiorem
1120 2315 1244 2365 carum

172 2405 326 2499 habuit,
354 2423 465 2506 qoem
492 2403 634 2502 dignis,
660 2421 701 2474 vt
723 2419 905 2502 parerat,
935 2403 1095 2500 praemiis
1122 2419 1248 2471 cumu-

171 2509 331 2606 laturus,
371 2497 614 2581 Billricensem
664 2509 837 2582 comitem
872 2511 1017 2580 creauit.
1091 2499 1245 2576 Nullum

134 2623 139 2633 '
176 2611 527 2714 quidemdiploma,
555 2633 629 2711 quo
654 2611 725 2688 hoc
749 2611 812 2686 ille
826 2611 1020 2711 praestitit,
1047 2609 1246 2690 habemus;
1335 2615 1336 2674 ζ

174 2719 213 2790 id
235 2718 358 2810 tamen
385 2715 508 2820 colligi
534 2719 653 2819 potest
679 2743 724 2793 ex
757 2719 866 2792 titulo
905 2715 1134 2815 diplomatis,
1169 2733 1243 2809 quo

175 2809 379 2924 padioneS,
408 2825 502 2900 inter
533 2816 636 2898 illu'm
666 2835 709 2898 ct'
730 2821 930 2928 Georgium
963 2817 1147 2920 despotam
1185 2815 1250 2888 lni-

176 2951 252 3026 tas,
270 2931 341 3002 ‘ita
367 2927 578 3005 confirmat:
601 2931 664 3024 ¹(c)
707 2973 732 3016 ‚,
760 2933 843 3003 Nos
874 2929 1089 3000 Mathias-
1127 2917 1246 3000 Multa

162 3090 200 3136 ¹„
229 3029 333 3130 sunt,
391 3059 457 3110 uae
481 3057 549 3106 nos
571 3033 776 3130 inducunt,
809 3055 850 3108 vt
873 3037 911 3105 in
928 3031 1029 3135 spe&
1043 3051 1080 3108 et
1098 3015 1247 3128 magnif

176 3193 200 3234 „
228 3060 448 3216 Michadlem
471 3135 622 3238 Zilagy,
654 3144 810 3215 comitem
834 3135 1109 3242 Histriciensem,
1136 3155 1251 3206 auun-

175 3288 201 3330 ‚‚
229 3241 353 3317 culum
375 3241 563 3338 nostrum,
590 3243 753 3318 liberales
771 3244 874 3318 simus
896 3263 933 3316 et
956 3241 1250 3318 benefici.--
1334 3259 1335 3306 l

177 3395 201 3437 ,‚
228 3351 315 3424 Dat.
336 3354 487 3448 Budae,
511 3352 555 3448 in
588 3343 673 3422 festo
694 3353 736 3425 B.
753 3353 925 3448 Stephani
935 3353 977 3424 R.
996 3353 1042 3424 A.
1061 3341 1253 3420 D.MCD-

178 3511 201 3547 „
227 3453 388 3530 Lv111.“
441 3441 633 3556 Postquam
656 3473 777 3530 autem
803 3457 904 3530 Buda
933 3455 994 3529 sub
1024 3455 1164 3526 exitum
1187 3449 1256 3522 hu-

174 3559 230 3639 lus
253 3561 378 3664 menits
414 3557 590 3664 egressus,
621 3557 666 3632 ad
697 3558 882 3636 inferiores
904 3561 1007 3662 regni
1041 3575 1163 3735 partes
1193 3551 1252 3628 lu-

1071 3663 1202 3735 randas

183 3863 566 3887 ’φῇ-ιφ-
623 3881 630 3886 ,
945 3859 1263 3882 m—-nh-

222 3953 268 4036 ᾳ)
294 3956 353 4034 Ap.
365 3955 459 4032 liupr.
469 3953 509 4020 H.
520 3957 560 4020 D.
579 3955 611 4015 Ρ.
627 3957 669 4022 11.
691 3977 723 4040 p.
746 3959 816 4036 169.
869 3953 911 4032 (ὁ)
939 3954 1013 4020 Hill.
1037 3957 1093 4020 Cr.
1112 3959 1152 4018 Τ.
1168 3961 1258 4030 XW.
1333 3949 1334 3970 ἶ

274 4075 306 4140 pa
327 4073 510 4136 lim-¹142·
552 4058 592 4139 (c)
615 4067 674 4148 Apa
694 4063 837 4146 Kaprtll·
850 4064 890 4124 D·
913 4061 945 4128 P.
963 4061 1003 4124 11.
1022 4083 1053 4144 p.
1070 4081 1139 4140 195.
