2664 4398
496 171 605 250 unx
658 173 784 272 xxx.
945 247 949 258 ,
1057 181 1135 266 rra

207 345 364 419 CXXIX.
420 345 690 448 sigismundus,
736 344 825 448 suis¹
854 342 1099 446 fugientibus,
1130 333 1186 422 ¹er

94 445 177 550 ipst
211 448 332 550 fugere
352 447 519 548 coactus,
549 449 743 540 conscensa
776 453 888 548 naui,
930 447 1187 528 Constantino·

96 553 223 656 polim
260 553 421 633 defluxit.
492 556 596 654 Inde,
633 557 751 632 scribit
785 556 1001 650 Turotzius,
1042 556 1103 646 (a)
1138 555 1188 630 ad

96 656 283 756 Rhodon,
305 659 379 764 post
404 658 485 736 haec
502 689 690 770 regnorum
707 660 830 738 Dalm.
850 671 884 740 et
904 661 1021 736 Croat.
1042 658 1095 736 ad
1104 685 1184 738 oras

96 771 311 872 nauigauit.
368 765 637 852 Comitabantu'r
657 767 755 843 illum
776 773 850 844 viri
874 773 916 843 -in
935 790 1041 870 regno
1063 781 1185 868 poten·

94 891 155 949 tes
168 869 255 969 ,λλ
283 867 449 972 loannes,
481 867 632 976 archiep.
659 871 822 980 Srrigan.
849 893 883 950 et
919 863 1113 972 St'eplzm's
1143 871 1184 948 de

95 971 272 1081 Kanyfir,
296 978 423 1078 frater
449 976 613 1069 piusdem.
684 983 826 1052 Horum
859 975 966 1080 fugae
1005 978 1182 1052 comitum
1267 981 1274 991 “

89 1081 179 1182 ipse
210 1083 464 1182 Sigismundus
491 1085 682 1184 meminit,
707 1079 796 1158 dum
822 1104 885 1158 eos
915 1103 1012 1156 anno
1033 1075 1182 1182 sequen·
1235 1134 1237 1144 .

95 1205 144 1260 te
163 1185 242 1264 hoc
266 1185 465 1288 diplomate
494 1207 746 1286 remuneratus
765 1187 835 1266 est:
857 1183 916 1287 (b)
946 1227 1051 1294 -.x‚‚
1079 1189 1182 1264 Dum

95 1345 125 1388 „
154 1315 226 1368 nos
250 1312 346 1368 anno
368 1311 406 1366 et
427 1289 593 1396 ternp'ore
612 1333 665 1375 -r
696 1295 862 1394 proxime
888 1290 1181 1394 retrolapsos:-

94 1451 125 1492 ‚‚
155 1396 327 1474 aduersus
359 1401 565 1474 Turcorum
588 1439 640 1458 -
660 1397 839 1475 saeuitiam
856 1397 1182 1504 comprimendam,

95 1557 122 1597 „
150 1544 219 1567 --
236 1503 279 1576 ad
307 1499 453 1579 climata
486 1503 571 1582 didi
595 1507 702 1606 regni
731 1501 978 1606 Bulgariae-
998 1498 1184 1605 applicuis·
1262 1525 1265 1530 ’

93 1659 123 1706 „
152 1605 292 1696 seram
321 1595 358 1686 ct
379 1611 517 1684 Vidino
557 1634 599 1686 ac
631 1611 846 1698 Orchoua-
879 1611 1110 1714 expugnatis,
1127 1645 1181 1671 -

93 1767 124 1810 ‚,
153 1707 307 1790 vlterius
327 1711 650 1815 proficiscendo-
671 1735 709 1789 et
740 1716 893 1816 stragem
928 1715 1103 1818 grandem
1127 1717 1201 1812 ing

94 1864 122 1906 „
152 1839 221 1894 ter·
250 1819 341 1919 ipsos
380 1818 622 1896 schismaticos
648 1823 916 1922 perpetrando,
960 1819 1182 1920 penultimo-

95 1969 125 2012 ,,
155 1946 234 2024 que
250 1923 395 2000 fortuna
423 1929 530 2002 nobis
558 1943 870 2024 nouercante,-·
895 1928 1007 2002 inuiti·
1028 1919 1197 2030 reflexosx

94 2085 124 2126 „
153 2027 290 2130 greisus
314 2027 512 2108 fecissemus
520 2058 533 2120 3
550 2053 603 2132 'et
628 2055 715 2108 cum
730 2031 807 2133 ipsis
835 2031 962 2110 nostris
991 2027 1183 2124 fidelibus,

94 2133 129 2228 ,3
156 2137 209 2208 D.
235 2143 371 2224 Ioanne
397 2135 691 2239 archiepiscopo,
719 2155 756 2213 et
779 2137 974 2240 magnifico
1000 2137 1080 2209 viro
1106 2139 1183 2210 Ste-

96 2287 128 2330 ,,
158 2241 309 2343 phano,
353 2243 474 2320 nostro
505 2241 610 2319 lateri
640 2267 707 2345 pro
742 2241 1073 2324 tuitione,nostrae
1104 2260 1183 2340 per·

97 2401 128 2444 „
160 2343 267 2424 sonae
305 2347 459 2424 fideliter
504 2347 802 2446 adhaerentibus,
832 2373 909 2449 per
941 2346 1103 2424 Danubii
1144 2363 1183 2422 et

96 2449 280 2554 „pelagi
309 2451 459 2528 flumina
491 2455 532 2528 in
559 2453 670 2557 galeis
700 2456 936 2556 remigando,
977 2455 1023 2528 ad
1058 2451 1182 2526 ciuita-

95 2611 125 2654 „
159 2579 235 2632 tem
255 2559 693 2660 Constantinopolitanam
717 2557 1017 2662 perueniffemus3
1043 2557 1181 2634 ibidem
1216 2621 1221 2629 .

95 2718 126 2760 „
162 2663 386 2740 Christicolas
414 2668 459 2740 de
486 2685 589 2741 entes
618 2686 655 2743 et
682 2691 747 2768 per
777 2663 872 2766 ipsos
900 2669 1039 2740 Turcos
1069 2661 1183 2738 obses-

93 2815 125 2860 „
157 2765 214 2844 sos
243 2791 281 2850 et
309 2689 526 2872 compreffos
547 2769 787 2872 opitulamine
822 2791 1034 2870 opportuno
1053 2770 1091 2844 in
1119 2791 1186 2843 no·
1271 2807 1277 2816 ·

93 2919 124 2964 η
161 2878 262 2951 mine
294 2879 436 2952 domini
472 2873 741 2977 praefirlciendo
754 2903 768 2965 3
806 2895 845 2950 et
870 2875 916 2952 ab
957 2877 1100 2954 eadem·
1119 2897 1185 2974 per
1301 2879 1307 2894 “

94 3035 125 3078 ,,
160 2979 266 3080 ipfiu's
293 2979 378 3060 freti
406 3003 530 3060 amnes
555 2979 776 3084 in‘praefatis
803 2979 912 3085 galeis
937 2983 1078 3058 eminus
1101 3001 1186 3079 pro·

98 3133 128 3182 2,
163 3083 382 3182 ficiscend03
410 3107 639 3184 extremum,
664 3091 769 3166 DEO
811 3089 925 3184 doce,
944 3149 946 3154 ,
966 3088 1012 3162 ad
1040 3082 1184 3160 climata

97 3247 128 3288 „
160 3215 359 3293 regnorum
379 3193 586 3272 nostrorum
611 3191 731 3272 Dalm.
763 3213 803 3270 et
834 3193 957 3270 Croat.
987 3185 1185 3292 praedem-

96 3351 127 3394 „
157 3319 241 3374 rum
261 3295 452 3402 ingressum
483 3295 719 3380 habuiffemus
729 3325 743 3386 3
778 3301 971 3388 memorati
999 3291 1048 3374 DL
1081 3301 1185 3400 loan-

98 3459 130 3500 „
162 3423 229 3478 nes
243 3408 400 3508 archiep.
420 3423 458 3480 ct
481 3407 537 3482 vir
566 3403 710 3508 magnif.
732 3407 999 3506 Stephanus-
1026 3400 1184 3488 deserere
1230 3423 1234 3432 ’

98 3557 132 3600 ,,
162 3505 369 3589 nullatenus
387 3506 687 3598 voluerunt.÷-“
739 3511 869 3586 Errant
893 3511 1025 3612 igitur,
1041 3509 1112 3607 ¹qui
1136 3509 1187 3580 Si·

1 3645 2 3650 ¹
99 3621 350 3722 gismnndum
395 3609 752 3717 Constantinopolim
784 3611 986 3717 ‚nauigare
1039 3611 1186 3715 negant.

447 3769 450 3774 ,
585 3725 673 3821 M4
968 3716 1136 3800 voluerit

98 3891 1193 3926 ...-..................................-......-.-

172 3951 222 4031 (μ)
247 3953 409 4024 endor.
425 3957 479 4026 rv-
498 3978 563 4038 err·
578 3971 609 4030 r·
670 3953 717 4034 (r)
738 3927 917 4046 nomin,
940 3935 1067 4018 eonio.
1093 3953 1134 4012 n.
1161 3951 1186 4010 1.

205 4081 237 4141 r·
260 4073 307 4129 ευ·
386 4128 390 4134 .
