2718 4392
238 165 314 253 368
534 116 922 242 MATHlAst'
1048 233 1053 243 .

178 391 206 430 „
235 331 446 428 exaltatam,
474 339 573 436 quod
600 337 762 414 futurum
796 357 839 416 et
866 321 1178 440 praemiseramus*²
1206 359 1246 411 et

178 495 204 536 ‚,
231 443 490 535 credebamus,
517 441 759 546 DEVMqu'e,
790 453 855 546 pro
874 471 950 548 quo
969 457 1119 543 totaque
1153 442 1250 516 Clui-

177 602 204 641 „
233 549 407 622 llianirate
428 549 544 624 bonae
569 573 677 624 mern.
709 554 854 654 genitor
884 571 967 625 tuus
996 571 1068 624 tam
1097 545 1248 650 gloriose

177 698 203 740 ‚,
232 652 445 751 strenueque
471 657 689 754 decertauit‚
721 659 870 730 minime
889 655 1088 756 paliurum,
1113 674 1156 728 vt
1182 655 1245 728 do·

178 806 204 848 „
232 782 311 832 mus
343 775 406 830 tua
431 758 691 854 calamitatibus
713 761 1025 837 obfuscaretur.-
1055 765 1242 835 Immorta-

178 911 203 950 „
229 863 253 938 li
273 866 376 938 DEO
398 869 527 964 gratias
552 864 707 967 agimus,
735 873 799 966 qui
822 867 927 941 huius
953 867 1072 969 gaudii
1094 879 1244 964 cumpo·

150 993 202 1060 ¹„
229 989 283 1043 tes
314 989 381 1042 nos
406 968 509 1068 fecit,
542 992 651 1069 teque
681 972 851 1048 ineffabili
882 973 1047 1072 potentia
1079 972 1123 1047 ad
1148 965 1242 1044 illius

157 1167 158 1172 Ἰ
170 1125 198 1168 „
229 1071 345 1148 incliti
358 1113 407 1176 'f'
425 1078 527 1196 regni
544 1076 711 1150 culmen
727 1081 868 1173 euertit,
900 1085 945 1152 vt
972 1073 1078 1174 elles,
1110 1077 1175 1176 qtti
1195 1073 1241 1150 la·

174 1227 200 1268 .,
229 1181 295 1282 psas
326 1183 431 1256 rebus
453 1185 741 1257 [accurreres-
784 1185 928 1259 Etenim
958 1185 1004 1257 de
1029 1201 1092 1258 tua
1119 1177 1243 1282 sereni·

172 1344 198 1382 ,‚
226 1305 371 1378 tate—
402 1291 691 1390 cogitantem-
728 1293 997 1385 credimus,·-
1039 1305 1076 1362 te
1104 1283 1242 1360 caelesti

172 1441 198 1490 η
226 1414 400 1488 munere,
428 1391 523 1492 quali
550 1395 714 1468 diuinum
739 1389 1128 1494 aliquem-hominem,
1165 1415 1238 1466 non
1334 1407 1335 1416 ³

171 1496 341 1586 „solum
378 1497 429 1573 isti
464 1521 604 1600 regno,
640 1499 700 1574 sed
730 1500 893 1597 uniuerso
932 1501 1009 1576 orbi
1039 1493 1238 1571 Christiano

170 1659 197 1698 „
225 1601 365 1677 milium
389 1601 481 1700 else,
507 1607 569 1707 qui
599 1607 704 1708 regni
726 1604 841 1704 ipfius
859 1603 983 1680 florida
1018 1621 1137 1678 aetate
1178 1623 1241 1702 gu-

170 1763 197 1802 „
226 1707 416 1784 bernacula
435 1709 598 1807 exorsus,
627 1709 769 1785 sublatis
803 1706 977 1786 intestinis
991 1709 1237 1804 seditionibus,

171 1872 195 1910 ,,
224 1820 386 1890 animum
410 1809 576 1890 adhibeas
604 1819 648 1888 ad
675 1814 867 1916 gloriosum
897 1826 1081 1890 'certamen
1111 1814 1241 1886 Mabo·

172 1971 196 2016 „
225 1926 377 1996 meticae
395 1919 506 1998 seblae
527 1921 830 2004 exterminandae.
844 1958 897 1978 -
922 1921 1098 2020 Equidem
1121 1937 1236 2016 quum

65 2072 68 2099 r
169 2081 195 2120 „
223 2031 332 2128 patris
359 2033 431 2128 tui,
459 2021 675 2101 inuidisfimi
697 2023 820 2100 militis
840 2045 877 2101 et
903 2023 1057 2100 athletae
1087 2019 1237 2121 Christi,

34 2223 36 2234 Ι
108 2151 109 2154 ’
168 2186 193 2226 ,,
222 2136 324 2206 nobis
356 2138 393 2208 in
416 2152 577 2209 mentem
614 2133 790 2232 cogitatio
813 2135 942 2229 venit,
969 2133 1071 2206 cuius
1094 2147 1238 2204 aeterna

167 2294 192 2332 ‚,
222 2237 366 2312 suntin
396 2236 594 2313 uniuersam
625 2233 924 2312 christianitatem
946 2236 1102 2315 felicium
1123 2232 1237 2334 gesto·

165 2397 191 2436 ‚‚
219 2367 299 2414 rum
319 2361 556 2418 monumenta
563 2367 641 2430 3-
664 2341 922 2437 existimamus,
956 2339 1035 2444 poll
1059 2336 1152 2414 illius
1180 2336 1234 2412 lu·

167 2497 194 2538 „
221 2449 376 2548 gendum
399 2468 572 2544 mortem,
594 2467 632 2524 te
665 2444 934 2538 alterumillius
961 2451 1059 2548 tegni
1087 2445 1233 2520 firmum

51 2576 54 2584 ’
164 2605 191 2645 ,,
219 2549 389 2644 columen
408 2573 445 2627 et
467 2553 675 2652 praefidium
698 2547 765 2626 elie
790 2549 1024 2626 futurum-
1054 2551 1160 2626 suot
1187 2573 1232 2622 eo

87 2730 91 2745 ,
168 2707 194 2748 „
222 2653 355 2734 facilius
380 2664 470 2756 erit,
501 2681 574 2758 quo
601 2659 714 2731 maior
740 2657 789 2732 est
814 2678 896 2754 tua,
923 2681 1032 2760 quarn
1061 2653 1156 2730 illius
1176 2653 1233 2755 fu·

167 2807 192 2847 ‚,
220 2765 286 2836 erit
302 2763 465 2862 felicitas:
488 2783 526 2838 et
539 2783 579 2836 tu
596 2781 682 2859 terr,
715 2759 774 2838 ille
792 2759 1228 2866 ministestegnifuit.-‘⁸

163 2869 249 2942 Dat.
260 2889 303 2942 vt
323 2863 431 2970 supra.
484 2868 648 2944 Pluribus
678 2869 734 2942 bic
758 2871 937 2947 Mathiam
954 2861 1159 2962 ‚bortaturj
1187 2881 1230 2938 ut

162 2971 329 3076 vestigiis,
353 2979 460 3076 patris
478 2978 514 3049 in
532 2971 781 3075 persequendis
803 2966 929 3050 Tuscis
954 2973 1092 3049 infistat.
1111 2968 1180 3075 (a)

254 3169 494 3262 ,ccxxxvrt
528 3183 629 3259 Ntbil
657 3181 816 3284 profecto
854 3189 967 3288 magis
995 3169 1155 3262 Mathias
1193 3187 1231 3260 in

161 3295 257 3366 votis
289 3295 437 3390 habuit,
465 3313 574 3390 quarn
605 3310 664 3386 ut,
690 3291 792 3389 quod
820 3293 983 3390 pontifex
1002 3292 1124 3398 suabe,
1170 3293 1235 3367 srn·

159 3419 277 3480 ceram
301 3421 385 3471 curn
410 3399 651 3495 imperatore,
687 3395 860 3472 Poloniae
884 3419 992 3499 rege,
1025 3399 1234 3500 vicinisque

155 3501 376 3601 principibus
399 3503 587 3577 amicitiam
607 3517 654 3587 et,
670 3508 793 3600 pacem
821 3503 998 3601 colendo,
1037 3509 1129 3581 vires
1148 3504 1230 3580 suas

156 3604 197 3692 in
219 3609 357 3682 Turcas
389 3625 599 3682 conuertere
640 3603 772 3704 pollet:
798 3611 867 3682 Sed
910 3613 1009 3687 enim
1046 3613 1231 3712 optimam

158 3707 252 3782 banc
277 3709 413 3788 bouicii
430 3714 522 3816 regis
544 3709 772 3786 voluntatem
792 3714 1059 3817 interceperunt
1076 3718 1231 3818 quidam

1001 3903 1012 3920 ,1
1042 3819 1175 3898 faffiost

160 3984 328 4002 m..
351 3989 1073 4017 *mum-mm-
1111 3995 1185 4016 ΙΙ..
1201 3995 1226 4017 -

194 4031 247 4134 .’,)
270 4037 348 4106 ffll·
364 4043 419 4112 01·
430 4047 568 4148 lixiva
589 4071 620 4131 r·
649 4069 816 4132 saw-tm
831 4089 861 4128 ·.
