2664 4398
308 329 311 336 λ
427 221 542 301 ιιι
592 221 790 344 rex-tur.¹
1012 243 1088 320 207

71 415 224 516 operam
252 394 470 483 addiceret,
495 391 553 470 sed
577 395 621 470 ab
633 389 836 468 Vrbanoil
856 394 1011 468 certiora
1031 387 1144 468 liuius

68 502 217 573 unionis
247 502 383 575 indicia
402 445 509 576 iulius
531 499 585 574 eil
597 497 821 599 exspeslare,
847 505 887 593 (a
888 504 905 590 )
931 495 979 573 Χ
996 495 1064 574 kal.
1078 495 1144 573 Iul.

69 629 123 680 en.
147 601 222 680 IV.
248 602 521 708 Palaeologus'
513 607 657 680 interim
681 603 823 692 Budam
846 602 919 704 ipse
941 607 1066 698 venit,
1094 604 1149 676 iu·

69 709 261 784 reiurando
281 708 483 811 pollicitus,
513 707 548 786 se
578 733 663 785 cum
683 707 762 784 filiis
789 711 834 783 ad
855 707 976 784 eccles
980 731 1020 782 ae
1036 712 1145 782 Rom.

68 811 161 888 bera
181 815 414 890 transiturum
439 812 517 890 esse.
570 821 666 889 Tum'
691 837 780 890 veru
813 810 981 914 pontifex
1006 814 1145 888 archie-

71 917 240 1042 piscopos
258 939 297 995 et
310 919 512 1022 palatinum
542 943 607 1020 per
634 917 771 994 litteras
794 921 962 994 hortatus
989 915 1062 1015 est,
1104 933 1147 992 vt
1249 1005 1252 1014 A

69 1025 172 1126 pium
204 1025 305 1102 bunc
320 1029 418 1128 regis
454 1027 619 1100 ardorem
649 1025 694 1096 ad
727 1024 955 1100 reuocandos
984 973 1145 1098 Grrlecos

72 1132 264 1205 etTurcas
294 1137 405 1206 armis
426 1133 678 1232 reprimendos
708 1123 897 1225 fouerent,
955 1130 1144 1228 etentiquc

73 1255 141 1332 pro
170 1232 242 1310 suis
265 1237 380 1337 copiis
411 1237 601 1314 Ludouico
624 1233 755 1310 lubens
782 1253 956 1310 concert
966 1230 1082 1329 ,(b)
1107 1227 1148 1308 il·
1271 1265 1274 1280 ·

70 1337 140 1414 lem
160 1337 305 1442 plenam
332 1339 609 1449 indulgentiam,
665 1365 727 1416 uae
751 1337 833 1416 dari
855 1335 946 1440 filet
975 1336 1148 1438 transfre-

70 1356 275 1522 rantibus
258 1471 300 1522 m
320 1465 435 1524 terrae
448 1367 742 1546 finepellbfide
670 1443 875 1545 fidium-
855 1335 977 1518 [Μ
1001 1336 1116 1518 Iulfr
1083 1467 1144 1519 an·

73 1544 140 1624 IV.
182 1553 340 1626 Dubitat
362 1551 511 1652 qudem
522 1551 764 1650 spondanus,
795 1565 917 1624 utrum
933 1547 1146 1624 Ludouicus

69 1655 108 1726 ‘m
131 1655 324 1732 Graeciam
341 1658 613 1755 porrctrauerit3
641 1661 824 1754 etPrayus
840 1671 974 1758 negat,
994 1651 1147 1730 aLudo·

69 1760 156 1834 uico
183 1765 382 1862 quicquam
402 1779 530 1836 contra
546 1766 681 1836 Turcas
698 1771 878 1858 patratum
906 1755 995 1844 esse·
1025 1762 1148 1831 Mans-
1216 1769 1228 1810 Ι

72 1859 235 1942 dorftrus
258 1885 383 1942 tamen
409 1865 571 1962 scribit,
582 1859 640 1964 (c)
600 1890 743 1940 ceum
764 1859 843 1942 laic
888 1868 962 1940 enti
986 1885 1062 1938 cem
1083 1883 1146 1940 au.

71 1967 228 2048 mnibus
255 1975 410 2076 equitum
444 1969 679 2075 peditumque
694 1889 892 2076 occurrefflg,
931 1992 971 2044 ac
1001 1990 1074 2067 ope
1098 1971 1142 2042 B

72 2075 231 2176 Virginis
262 2091 324 2167 80.
350 2075 458 2152 millia
485 2081 685 2152 Turcarum
716 2070 925 2176 profligasse.
978 2077 1074 2147 Hinc
1105 2073 1145 2146 in
1211 2105 1218 2115 ·

73 2181 276 2283 propylaeo
302 2179 479 2258 Cellenfis
491 2181 618 2280 templi
652 2173 740 2257 h'aec
765 2177 956 2282 leguntur:
997 2173 1146 2254 Ludeei·

73 2305 161 2382 ees,
189 2313 258 2364 rex
281 2285 404 2398 Heng.
417 2305 479 2388 per
491 2305 638 2362 matrem
663 2279 836 2385 misedie,
850 2285 1032 2367 villariam
1058 2281 1095 2358 Ὶ
1087 2305 1146 2360 ur

72 2409 191 2468 eorem
212 2387 357 2510 gloriose
379 2387 629 2490 obtinuimd)

188 2549 1047 2702 me11367me26.1ne5.rssre..2e
1134 2626 1139 2634 ¹

167 2813 328 2888 LXXXI.
361 2811 601 2916 Ludouicus,
635 2831 696 2886 tot
731 2811 842 2910 partis
869 2803 1051 2907 villeriis,
1089 2827 1147 2886 tot
1223 2839 1243 2850 ··

73 2919 270 2994 vindicatis
293 2908 536 3024 prouinciis,
538 2938 617 2990 non
643 2913 802 2990 sibilatis
834 2901 950 2988 clarus
981 2937 1146 3018 magnus·

72 3049 144 3126 que
172 3015 387 3119 videbatur,
411 3019 474 3094 nisi
500 3001 644 3100 bellicae
664 3023 791 3096 virtuti
805 3017 1031 3095 scientiarum
1055 3039 1146 3120 quo-

69 3154 143 3232 que
176 3125 327 3232 gloriam
353 3125 560 3202 adiiceret.
586 3127 732 3201 Guod
723 3127 834 3226 igitur
865 3125 911 3198 ad
940 3125 1172 3228 Huogaeiae

69 3240 186 3312 decus
215 3233 333 3304 adbuc
357 3229 632 3330 deidei-abatur,
660 3249 704 3305 vt
721 3232 823 3304 domi
850 3227 1050 3332 cbmparari
1066 3225 1145 3330 pos·

70 3339 141 3436 set,
177 3338 279 3440 quod
309 3359 441 3436 magna
474 3359 552 3412 non
573 3353 719 3410 tantum
742 3338 893 3431 ueris,
908 3333 968 3411 sed
996 3357 1054 3410 et
1065 3355 1146 3407 mo·

68 3469 151 3518 rum
181 3439 344 3544 persaepe
363 3437 496 3520 iatiura
516 3441 602 3516 soris
625 3444 884 3542 quaerebatur,
911 3441 1144 3536 academiam,

6 3597 8 3602 -
71 3554 130 3624 cui
164 3550 301 3650 septem
320 3547 451 3620 abhinc
469 3549 571 3622 annis
594 3543 853 3620 fundamenta
844 3564 998 3643 iecerat,
1027 3539 1146 3620 aueto-

69 3660 180 3730 ritate
224 3649 407 3752 pontificis
455 3653 529 3730 hoc
569 3675 667 3728 anuo
711 3647 955 3730 stabiliendam
994 3651 1146 3734 curauit

1006 3759 1095 3829 Guis

111 3996 164 4067 (a)
184 3995 247 4070 Ap·
263 3993 357 4076 Repu.
389 3984 491 4058 edei·
517 3989 608 4067 1366.
660 3985 704 4066 (i)
724 3987 806 4081 Ιδὶἀ.
847 3985 893 4068 (e)
928 3993 992 4070 Ap·
1012 3988 1143 4054 Frlduel·
1240 4021 1245 4028 ·

6 4191 8 4206 ,
163 4097 404 4181 &epitimam
443 4091 1027 4178 (liliis.Cr·T.X.'p.m.-395.
1166 4127 1169 4136 ·
