2680 4398
21 173 31 276 s
204 167 299 286 ior-
501 173 774 260 Maturus
828 183 882 260 ts

150 345 237 425 dom.
267 367 380 446 1474
436 349 541 426 Nihil
566 347 659 424 vltra
677 349 734 424 vel
762 351 939 424 aMathia
970 375 1078 451 rege,
1108 335 1172 422 vel
1210 355 1238 424 st

144 456 249 554 regni
284 455 494 554 'proceribus
535 457 579 528 ad
615 455 822 539 firmitatem
854 453 1005 532 sortieris
1054 451 1233 554 praestari

145 561 267 656 potuit
276 583 290 644 r
326 555 513 632 infractum
549 581 672 636 tamen
711 561 800 634 iliud
832 561 903 636 hoc'
937 563 1065 634 eodem
1111 572 1224 631 anno·

141 661 233 762 suit,
260 681 299 737 et
317 685 491 764 perpetua
514 689 607 765 pax,
634 669 692 740 vix
715 667 868 761 sancita,
905 685 992 738 mox
1019 667 1055 735 in
1087 667 1225 736 acer-ria

141 783 245 846 tuum
272 765 406 842 bellum
432 771 577 846 transsit.
632 771 743 848 Cuius
767 773 805 847 id
837 771 945 870 culpa
978 763 1110 842 futrum
1140 766 1226 840 suc-

102 947 107 965 ,
140 875 213 971 rit,
240 873 404 948 dubitare
433 897 501 980 nos
532 899 607 950 uon
643 875 722 950 finit
756 873 905 972 soedus,
945 875 1045 973 quod
1074 873 1230 945 Casrmi·

138 997 199 1054 rus
221 1000 307 1052 cum
335 981 518 1054 Friderico
563 999 692 1055 contra
728 983 907 1056 Mathiam
944 981 1225 1077 irrterhe‘cinum

140 1107 202 1184 13.
224 1085 347 1158 Martii
367 1079 545 1186 percussit.
584 1083 648 1186 (a)
679 1135 701 1171 „
732 1083 835 1184 Nos,
865 1090 1003 1190 inquit,
1037 1106 1099 1157 rex
1121 1081 1223 1154 Casta

136 1246 159 1284 „
186 1191 299 1266 mirus
333 1195 376 1262 ad
405 1191 612 1289 proximum
639 1190 764 1268 sessum
788 1199 823 1267 S.
850 1190 1122 1265 loaunisB.-··-
1151 1189 1222 1260 ad-

135 1341 160 1382 „
187 1293 308 1372 uersus
327 1291 526 1395 praefatum
545 1318 669 1397 regern
693 1299 871 1384 Mathiaur
888 1296 1213 1396 procedemus,-

134 1447 158 1488 ‚,
186 1421 225 1476 et
250 1403 289 1474 iu
311 1402 471 1474 exercitu
495 1419 533 1473 et
563 1399 680 1476 castris
709 1401 940 1500 personaliter
961 1416 1089 1473 contra
1116 1421 1211 1472 eum

131 1563 155 1598 „
186 1506 416 1580 manebimus
443 1525 560 1604 usque
595 1505 640 1580 ad
665 1503 788 1581 festum
821 1513 855 1582 S.
887 1505 1009 1580 latobi
1040 1506 1217 1602 proxime

130 1667 153 1704 ,‚
178 1608 377 1710 futurum.x
406 1613 476 1683 Pro
513 1634 589 1708 quo
615 1614 764 1709 quidem
797 1609 884 1686 sesto
915 1617 949 1684 S.
984 1605 1106 1684 Ia'cobi
1135 1633 1213 1680 nos

130 1763 154 1801 „
182 1718 407 1808 Fridericus,
436 1721 478 1790 R.
503 1717 532 1788 Ι.
551 1745 603 1776 -a-
629 1721 668 1790 in
691 1733 846 1818 regnum
865 1721 1050 1816 Hung.·-
1077 1713 1211 1787 aduer-

125 1871 149 1911 „
180 1821 236 1896 sus
268 1821 441 1926 eumdem·
473 1843 597 1920 regem
637 1821 879 1896 Mathiam-
908 1819 1130 1895 intrabimus.
1147 1857 1207 1874 -

62 1921 67 1928 ’
131 1976 154 2016 ‚,
182 1927 269 2008 Dat.
295 1927 332 2000 iu
358 1927 511 2002 ciuitate.
528 1923 852 2028 Nurembergenfi,
889 1927 947 2002 die
981 1947 1039 2022 13.
1068 1921 1206 1996 mentis

127 2085 152 2125 ,
179 2027 306 2106 Martii
331 2038 479 2128 1474.“
535 2037 589 2109 lta
621 2031 805 2108 Casmirus
838 2055 902 2133 per
934 2027 1021 2106 alios
1057 2028 1206 2128 legatos

84 2159 91 2166 ·
124 2159 212 2210 cum
230 2135 369 2210 Mathia
395 2157 522 2236 pacem
547 2155 747 2240 perpetuum
781 2159 842 2217 21.
870 2132 971 2214 Febr.
999 2132 1206 2218 conctufitr

123 2265 187 2341 per
212 2233 301 2314 alios
318 2247 456 2316 contra
473 2237 651 2322 Mathiam
681 2230 951 2319 clamdestinurn
976 2237 1104 2313 foedus
1135 2259 1202 2333 13.

122 2343 259 2422 Martii
282 2339 460 2444 percuffir.
514 2350 550 2421 Si
573 2339 731 2420 Mathias
760 2351 809 2420 ita
824 2347 857 2422 se
878 2347 1038 2442 varium,
1065 2367 1113 2416 ne
1144 2345 1205 2416 di·

121 2471 202 2524 cam
231 2450 370 2526 vastum
392 2469 432 2524 et
461 2447 753 2549 fraudulentum,
782 2439 944 2529 aduersus
979 2448 1198 2523 Casmirum
1321 2545 1322 2549 Ἴ

119 2547 351 2652 exhibuisset,
380 2559 523 2652 quantis
538 2545 753 2630 clamoribus
776 2557 960 2656 perfidiam
983 2553 1077 2628 'illius
1097 2549 1195 2626 Dlu·

121 2655 470 2760 gossusjaccusasset?
522 2662 659 2766 Magna
695 2659 855 2760 prosectu
890 2663 1051 2735 Mathiae
1077 2660 1200 2732 virtus

118 2785 158 2838 et
178 2758 325 2842 felicitas
354 2761 420 2840 esse
447 2761 596 2865 debuit,
625 2769 726 2867 quod
751 2789 808 2842 tot
830 2769 991 2868 rudique
1019 2763 1199 2862 hostibus,

115 2871 152 2943 iu
180 2873 257 2946 eius
284 2873 481 2972 perniciem
512 2871 820 2972 conspirantibus,
847 2883 925 2944 nou
949 2891 1092 2945 tanturn
1112 2893 1202 2972 norr
1320 2891 1321 2935 r

115 2975 363 3073 succubuerit,
400 2977 458 3050 sed
490 2971 599 3064 etiam
639 2975 797 3074 superior
825 2977 995 3052 omnibus
1029 2973 1197 3050 eraserit

116 3086 266 3158 Summa
297 3078 427 3158 scilicet
446 3084 525 3158 vsus
547 3079 764 3180 celeritate,
791 3083 881 3154 dum
907 3081 1025 3156 hostes
1054 3079 1100 3150 de
1130 3101 1195 3159 cu-

119 3187 186 3284 piis
210 3191 384 3292 cogendis
414 3183 657 3264 deliberabant
666 3212 678 3272 3
712 3181 796 3287 'ipse
825 3187 994 3262 Friderici
1026 3185 1191 3258 ditiones
1319 3225 1320 3232 κ

113 3295 315 3392 Augustam
342 3313 456 3392 usque
486 3296 557 3392 iarn
585 3295 777 3390 eradebat,
821 3313 863 3365 ac
894 3294 934 3365 in
977 3263 1042 3364 aiia
1083 3311 1194 3388 parte
1319 3315 1320 3321 ¹

22 3449 26 3456 .
113 3393 353 3478 Coliuum'ad
384 3399 608 3472 deditionem
642 3417 821 3499 coegerat.
877 3395 1112 3490 Corinenses,
1132 3395 1191 3466 in-

113 3495 294 3576 fidelitatis
332 3529 352 3578 a
382 3493 415 3574 se
448 3499 684 3603 suspicionem
725 3497 928 3601 amolituri,
975 3501 1100 3576 litteris
1138 3506 1187 3576 ad
1318 3595 1319 3598 Ἴ

109 3601 343 3683 wratislaum
373 3607 486 3707 datis,
524 3605 557 3685 se
599 3623 811 3710 purgarunt.
845 3605 907 3708 (b)
947 3602 1193 3683 wladislaiani
1318 3601 1319 3606 ’

807 3713 816 3720 ’
956 3711 1138 3805 bohemi,

144 4023 195 4105 st)
235 4023 302 4085 ibid
333 4046 362 4103 P·
385 4033 454 4100 1⁶4·
463 4087 475 4122 ,
493 4034 541 4114 (b)
562 4043 623 4120 Ap.
641 4041 774 4108 Dobncr·
790 4041 882 4112 Mon.
894 4045 931 4112 t.
947 4045 990 4108 11·
1007 4061 1042 4128 p·
1060 4059 1136 4117 43⁰·
