2636 4406
400 165 563 248 ‘senx
613 165 805 244 xxeu.
1046 178 1098 268 ey

80 334 164 430 nie,
188 336 433 443 cogitaverant
446 335 545 416 e'llem
555 336 698 442 perdere
709 365 726 432 ;
752 341 963 520 priespecam
968 333 1149 442 sceptrum

82 435 200 542 regale
230 445 468 542 reciperen-
509 441 562 520 Et
585 442 748 522 adeuntes
779 447 977 546 peniteret
1012 441 1087 546 e'pfi
1102 445 1180 524 ad.

78 537 192 616 ducem
225 545 399 642 cumdem,
419 545 678 650 praedixerunt
691 553 745 624 ei:
773 595 796 636 ‚,
811 550 1092 650 Hominemne,
1126 551 1149 626 ii
1217 601 1220 610 ,

78 647 298 748 „dignetur
340 649 457 727 vestra
486 650 667 761 maiestas,
715 651 878 756 sequenti
909 654 968 732 die
1008 653 1150 732 summo
1238 740 1242 748 ,

79 803 99 842 ,,
126 775 237 828 mane
259 759 471 854 equitemus
489 759 535 832 ad
556 759 896 834 venationem.“-
920 755 1015 833 Dare
1031 781 1150 839 aretem

76 851 196 954 miser,
224 865 344 937 anima
378 862 527 940 iuuenili
562 859 778 968 acquiescens
803 857 923 938 verbis
949 861 1151 963 falhcibns

75 957 303 1064 iniquarum,
330 963 381 1042 ed
401 962 618 1044 venationem
649 967 798 1046 eamdem
816 961 860 1066 fi
884 967 1047 1070 promises
1078 976 1149 1048 itu·
1201 1053 1204 1058 .

74 1089 161 1140 rem.
215 1068 324 1147 Mane
354 1093 471 1148 aurem
486 1073 609 1174 fictio,
629 1113 682 1135 -
696 1109 749 1132 -
770 1067 867 1173 apud
890 1069 1067 1172 Aaeefiane
1094 1100 1151 1152 ve·

76 1168 186 1246 nando
219 1194 360 1274 centes,
386 1175 482 1278 apud
493 1171 667 1276 Arcersteen
695 1171 864 1284 ipsisne
888 1167 1149 1278 hospitatiseee·
1180 1269 1190 1287 x
1275 1253 1279 1260 .

75 1295 180 1374 rene,
207 1301 244 1356 ee
259 1299 521 1384 caencparaca,
535 1279 847 1384 discubuerane.-
874 1277 951 1356 Iam
966 1297 1072 1384 appra
1095 1289 1148 1360 in·

78 1403 202 1480 quante
234 1379 360 1482 somne
388 1385 560 1463 accelerem
579 1377 781 1491 palpebris,
820 1389 967 1490 paretis
1007 1385 1149 1464 inediis

65 1483 150 1584 ficar
172 1491 298 1586 necis,
324 1515 438 1568 cannes
468 1489 508 1566 de
537 1489 687 1593 hospitio
727 1495 826 1598 regie
861 1485 1077 1594 receffereentz
1094 1529 1149 1558 ι-

78 1589 166 1666 idern
189 1591 269 1670 darn
292 1589 396 1694 miser
410 1619 496 1684 ,carn
527 1591 717 1778 vxeressa
738 1597 856 1672 aulam
885 1591 1147 1700 ingredientes,

74 1717 312 1802 inoperata,
340 1697 580 1776 recubuerunt.
683 1697 831 1776 aditores
857 1719 974 1774 certene
992 1701 1161 1804 nequest·

73 1807 141 1900 nei,
164 1843 215 1863 -
248 1809 289 1880 in
312 1795 501 1904 constituta
524 1811 645 1908 prima
671 1807 781 1882 noiiie
810 1799 901 1881 leora-
928 1795 1142 1912 fingentes,

73 1943 124 1964 -·
148 1907 347 1986 accedentes
372 1907 423 1984 ad
432 1907 572 2008 fialam,
588 1952 640 1969 -·
669 1931 704 1986 et
732 1929 894 1986 vacantes
922 1910 1072 1986 eumdem
1092 1907 1147 1984 da·

72 2017 204 2088 minem
214 2041 234 2107 ;
248 2009 374 2114 ficdita
411 2013 571 2091 dominus
616 2013 707 2092 idern
733 2019 975 2094 excitatus-
1006 2040 1029 2090 a
1064 2014 1148 2090 leno

62 2114 247 2214 seerrcrcit,
275 2140 377 2196 et-
405 2123 523 2196 exierit
556 2123 712 2197 inermis.
727 2159 780 2184 -
833 2115 959 2195 Subito
987 2118 1147 2222 predita·

72 2247 124 2297 res
145 2229 267 2326 iniqui
297 2249 420 2302 ennnees
455 2229 650 2302 iniecerunt
679 2230 835 2320 incure,
861 2243 903 2300 vt
927 2247 1009 2328 cem·
1035 2244 1145 2300 marte

70 2347 306 2403 necarent.·-
350 2325 444 2403 Drerc
472 2349 588 2404 aretem
618 2323 706 2432 ipse,
744 2333 830 2434 qnia
860 2331 1001 2405 iuuenis
1024 2321 1145 2428 fartis

70 2455 167 2528 erac,
182 2473 239 2493 -
262 2435 415 2509 viriiiter
440 2429 604 2510 manibus
612 2431 654 2542 se
670 2431 874 2534 apsentem,
900 2453 1005 2535 atque
1032 2429 1145 2510 learri·
1181 2427 1186 2432 ’

71 2535 205 2614 bilibres
231 2535 397 2635 vocibus;
424 2562 485 2616 crea
500 2559 531 2612 er
553 2565 677 2616 manus
705 2537 865 2634 illerum,
905 2529 1045 2638 excnffls
1072 2542 1143 2615 cri·

69 2639 176 2717 nibus
200 2645 329 2718 caereis.
347 2681 399 2698 -
443 2639 513 2717 Sed
531 2639 708 2722 discertent
730 2641 781 2718 ad
793 2660 935 2742 partam
946 2635 1143 2740 stelae‚'vc·

69 2749 246 2844 ciseranc',
280 2745 458 2824 auxilium
466 2741 627 2848 fideliam
644 2741 866 2854 requirenda,
888 2765 1011 2848 portas
1025 2770 1142 2824 omnes

66 2846 203 2948 eianfiee
236 2856 382 2928 tamenn,
400 2891 454 2912 -
488 2849 546 2928 ini
570 2861 608 2930 ni
629 2880 720 2932 emas
740 2849 1002 2951 'Bercrandees,
1034 2845 1148 2952 filine

68 2953 188 3034 Caroli
205 2953 347 3054 Anus,
360 2995 415 3016 -
452 2877 605 3032 eandm
633 2957 752 3035 ducem
780 2975 941 3059 patenter
982 2961 1143 3058 accepit,

67 3081 98 3136 et
123 3083 207 3134 ceern
224 3083 259 3134 ea
282 3057 441 3160 Iudaees,
465 3067 582 3139 tenerit
598 3061 709 3168 ipfiem
719 3089 736 3156 ;
761 3079 796 3138 ct
817 3065 1017 3138 conuocatis
1041 3059 1140 3158 aliis,

64 3159 177 3264 ipfiene
203 3161 384 3240 dacem·-
417 3161 574 3242 crinibus
616 3174 734 3246 aereis
764 3166 955 3244 lacerantes
978 3183 1015 3240 et
1045 3159 1139 3240 disis

67 3265 223 3345 calcibus
239 3275 490 3372 opprimentes,
505 3271 637 3369 funem
668 3270 722 3348 abi
740 3274 971 3348 immittentes
1001 3271 1042 3343 in
1054 3287 1139 3372 gert-

63 3397 142 3449 errre
160 3429 174 3470 ‚
201 3398 295 3448 mare
303 3377 435 3474 ferrem
449 3371 704 3476 strspendernnt
722 3375 896 3472 eamdem,
914 3393 1075 3450 senentes
1082 3370 1138 3475 stc

66 3503 166 3576 cerm,
191 3475 376 3584 vequeqeec'
395 3501 632 3572 necaeersent3
664 3504 699 3558 ee
723 3477 845 3558 deinde
867 3474 1043 3578 tpſsmein
1062 3482 1134 3554 iae·
1177 3555 1191 3562 .,

66 3581 148 3658 dener
179 3586 328 3680 (horto)
354 3588 521 3686 inftrinri
547 3612 570 3660 a
579 3581 719 3685 stemma
737 3609 844 3691 resque
868 3578 1020 3684 decrssem
1035 3601 1137 3686 prae»

68 3693 380 3789 cipitauereene.-
404 3687 463 3766 De
476 3695 611 3766 Ioanne
633 3715 721 3768 vero
752 3694 843 3766 haec
867 3686 1023 3763 subiicit:
1056 3687 1134 3768 Vel·

63 3791 416 3895 melitinensem,
431 3793 538 3897 satia
565 3793 730 3901 canape,
754 3817 864 3899 nsque
884 3817 985 3871 mane
1003 3787 1134 3898 finge·
1171 3812 1174 3818 ‘

59 3923 100 3972 ee
127 3921 198 3974 nan
217 3904 365 3978 cernerit.
380 3941 433 3964 -
456 3897 622 4001 Veterem,
648 3921 823 3982 carentem
850 3899 1039 4104 lacrimis}
1073 3919 1128 3970 ne

581 4007 646 4085 En
797 4017 803 4028 ’
968 4007 1016 4077 cie
1040 4015 1081 4073 ee
