2706 4396
380 199 381 206 ‘
458 211 779 304 ''xxx'rtxx
886 311 888 319 ¹
1031 237 1124 317 --207

17 405 20 498 s.
106 393 331 498 mosynamm
352 389 536 498 percipere
560 417 638 470 non
667 395 816 494 potuit,
842 410 1009 468 mortuus
1036 411 1075 488 4.
1101 395 1185 466 No·

83 501 263 580 'membris
275 559 288 603 ,
331 507 392 578 cui
410 525 493 602 3ο.
514 499 642 576 menfis
677 499 839 578 eiusdem
872 499 1069 604 Gregorius
1104 499 1183 572 xii.
1224 574 1227 583 ,

107 601 277 684 fuccefflt.
293 613 354 708 (a)
409 619 414 648 ³

254 822 306 898 A.
330 817 499 922 01407.
517 819 669 948 sigor.
689 815 767 898 na.
787 815 1056 920 ursam
1112 793 1116 802 '

109 1081 114 1092 ,
206 1011 369 1088 exunt:
394 1012 456 1088 nd
482 1035 623 1088 nouum
646 1014 745 1088 hunc
765 1009 981 1114 pontificem
1006 1011 1088 1088 suos
1110 1035 1212 1090 ora·v

17 1195 18 1198 g
108 1135 204 1190 tores
230 1117 477 1216 sigismundus
501 1117 616 1217 mist,
637 1117 874 1214 Valentinum
903 1113 1121 1196 cardinalem
1147 1139 1188 1194 et
1233 1188 1237 1200 .

111 1221 321 1323 Andrcam,
375 1221 680 1326 archiepiscopum
718 1219 986 1323 spalatensem,
1029 1246 1187 1321 quorum

111 1327 277 1426 precibus
301 1325 466 1426 pontifex
487 1350 696 1430 permotus,
720 1327 849 1404 Christi
871 1325 993 1404 fideles
1004 1331 1056 1404 ‚ad
1076 1351 1188 1428 opem

113 1432 345 1530 sigismundo
358 1427 545 1508 ferenddm
560 1438 866 1532 contraTurcos,
900 1437 1082 1530 Arianos,
1107 1437 1189 1508 Ma·

113 1537 288 1611 nichaeos
309 1559 352 1612 ac
383 1537 676 1636 aliosrnfideles,
703 1537 895 1640 propositis
926 1533 1186 1640 indulgentiis,

116 1641 331 1716 cohortatus
355 1641 432 1741 est,
454 1640 514 1740 (b)
552 1643 674 1742 Senis,
692 1641 739 1723 V.
755 1641 833 1722 idus
852 1639 1086 1742 Nouembris,
1104 1661 1189 1746 pon·

115 1748 176 1846 risi
200 1773 259 1824 an.
295 1745 324 1849 Ι.
388 1755 463 1824 lam
501 1769 618 1847 tunc,
654 1773 770 1849 quum
800 1750 890 1824 haec
935 1751 1192 1848 scriberentur,

115 1849 250 1927 bellum
281 1847 414 1956 gcffille
439 1859 474 1928 Si
500 1857 709 1937 ismundum
730 1910 743 1952 ,
767 1855 823 1927 his
849 1855 967 1930 verbis
996 1853 1192 1955 Gregorius
1246 1856 1251 1874 '

114 1957 273 2034 indicat:
301 2004 325 2044 n
353 1962 423 2034 Oui
445 1879 526 2034 ago
552 1985 638 2035 cum
672 1958 833 2060 praefato
855 1983 960 2062 rege,
1010 1955 1071 2032 vel
1112 1962 1198 2034 eius

115 2115 139 2156 „
166 2085 277 2166 gente
304 2083 433 2141 contra
460 2061 624 2142 infideles
663 2065 872 2140 huiusmodi
904 2087 1003 2140 nunc
1031 2061 1194 2164 persona·

115 2225 140 2266 „
167 2171 250 2246 liter
278 2165 461 2267 militant,
493 2168 610 2271 perse
636 2169 696 2246 vel
720 2169 891 2246 alion-
914 2183 937 2222 ‘⁴
991 2171 1111 2270 lpfnm
1139 2191 1195 2246 ro-

111 2299 205 2378 ·gern
236 2277 460 2375 expeditioni
486 2279 571 2352 huic
594 2272 813 2372 interfuisse,
841 2274 959 2375 liquet
991 2297 1036 2352 ex
1063 2273 1195 2352 littera·
1237 2279 1240 2284 ’

117 2405 221 2478 rum,
245 2378 377 2482 quibus
405 2379 495 2455 filias
521 2381 766 2481 stephanide
793 2382 924 2456 Looch
953 2377 1196 2482 praefecerat,

119 2491 189 2563 hac
208 2475 487 2586 subscriptione.-
518 2487 579 2591 (c)
610 2512 638 2580 „¹
661 2489 802 2561 Datum
820 2490 859 2559 in
883 2483 1048 2563 descensu
1070 2485 1210 2562 nostro

117 2589 358 2691 „campestri
398 2615 514 2692 prope
562 2591 735 2688 castrum,
786 2593 957 2668 Babuncz
995 2611 1196 2689 vocaturn,

18 2703 19 2726 ³
119 2754 144 2793 ‚,
171 2699 230 2772 die
256 2697 443 2773 dominico
469 2717 572 2796 prox.
602 2695 683 2798 post
708 2695 835 2772 felium
863 2700 1060 2774 natiuitatis
1088 2701 1125 2774 -v'
1171 2702 1197 2772 i·

120 2859 144 2896 „
171 2805 231 2876 nis
258 2798 453 2902 gloriosae,
494 2823 599 2876 anno
630 2803 729 2878 dom.
776 2820 928 2899 ηομ
997 2807 1118 2879 Etiam
1161 2825 1198 2876 t·

121 2909 253 3010 quenti
272 2908 391 2982 mense
406 2909 500 2982 hanc
518 2907 796 3007 expeditionem
812 2913 1063 2984 continuatam
1083 2905 1203 3002 fnisse,

121 3017 199 3090 hae
215 3011 355 3088 litterae
374 3015 612 3087 vaiuodarum
642 3031 688 3088 cx
718 3015 822 3086 MSS.
848 3011 1107 3088 Cornidesranis
1142 3015 1198 3084 in·

123 3121 316 3210 dicants„
336 3121 487 3192 lacobus
504 3115 632 3193 Lachk
656 3117 702 3190 de
717 3119 860 3194 Zantho
882 3139 919 3194 et
932 3121 1196 3194 loannesflen·

123 3269 149 3310 ss
175 3229 241 3300 riti
269 3228 315 3300 de
337 3221 533 3325 Thamafy‚
565 3222 744 3299 vaiuodae
760 3217 997 3300 Tranffiluani
1018 3245 1057 3310 et
1081 3223 1196 3298 corni·

20 3339 21 3418 ᾖ
122 3385 150 3424 ,,
178 3349 234 3407 tes
266 3333 312 3406 de
341 3325 493 3404 Zolnuk.
509 3367 561 3386 -
596 3330 658 3402 Ad
685 3327 841 3403 nostram
868 3331 1090 3406 audientiam
1116 3351 1197 3428 per·

20 3489 21 3512 .
124 3485 153 3528 „
178 3438 302 3536 uenit,
328 3429 480 3536 qualiter
512 3437 689 3533 ioannes,
715 3431 809 3508 filius
840 3433 983 3511 Nicolai
1019 3433 1077 3508 de·
1095 3439 1197 3508 Som-
1254 3421 1260 3445 ⁸

126 3585 152 3626 „
180 3539 319 3639 isselt,
371 3542 579 3616 Emericum
617 3540 662 3614 de
684 3541 859 3642 Budayth
894 3536 1197 3616 interemisset-

20 3713 22 3760 3
129 3663 158 3734 η·
179 3651 317 3726 Datum
343 3648 384 3724 in
417 3641 584 3720 descensu
617 3643 804 3751 campestri
832 3648 939 3724 iuxta-
959 3643 1200 3748 fluuiumssm

794 3781 801 3793 '
1014 3799 1039 3848 n
1053 3753 1145 3850 bal,

172 3983 219 4064 (ὃ)
240 3983 399 4078 fiili-Cr·
418 3983 459 4048 Τ.
487 3985 540 4050 xi.
560 4003 592 4064 p.
624 3983 811 4060 fon-723}
870 3977 915 4060 (l)
944 3986 1003 4062 Ap.
1028 3957 1122 4064 Rapui
1150 3995 1200 4042 stt.

21 4101 22 4112 ’
228 4107 318 4162 1407·
339 4107 371 4152 n·
393 4103 445 4162 aa·
486 4085 528 4168 (e)
547 4089 591 4154 nr
616 4081 817 4176 autographo.
896 4109 919 4174 Ι·
