2680 4398
199 263 280 340 410
502 249 779 322 MATHIAS
833 255 862 328 1.-
1008 313 1014 325 .

151 436 404 518 „congruere
433 413 547 490 visum
578 416 627 492 est
651 417 826 518 prosediui
851 417 997 519 publico
1027 421 1229 516 etfpariter
1315 419 1316 498 f

151 577 176 615 „
204 523 337 596 honori
363 521 508 623 nostro,
534 543 657 625 vepro
680 528 976 624 corroboratione
997 528 1112 598 bonae
1130 521 1227 621 spei,

152 683 176 721 ,‚
203 651 297 728 quae
318 651 363 702 ex
389 630 443 712 his
462 627 566 736 gestia
582 628 766 708 adfutura
785 633 939 732 gerenda
966 631 1071 704 nobis
1085 653 1106 701 a
1118 631 1227 701 Deo

152 787 177 826 ,‚
202 735 395 831 tribuitur,
422 737 652 810 intendamus
690 741 734 811 ad
764 735 1019 836 suscipiendam
1052 737 1253 811 coronam·
1315 759 1316 764 ¹

153 882 179 926 η
204 841 326 942 regui,
352 842 390 914 in
412 863 485 942 qua
511 844 626 916 tutius
657 867 771 943 paene
797 845 833 915 di
860 845 980 920 nittis
1006 843 1127 940 regiae
1158 839 1230 910 vir·

109 1003 120 1018 ,
154 999 178 1037 ,,
197 965 265 1036 tus
289 947 466 1045 quaedam
494 967 533 1022 et
567 946 704 1024 summa
728 867 891 1023 'cortile
940 947 1076 1022 Habita
1116 939 1230 1045 igitur

154 1093 180 1135 η
205 1047 461 1126 deliberatione
484 1072 626 1126 matura
660 1079 745 1128 cum
772 1052 934 1154 praelatis
961 1071 1000 1138 et
1034 1049 1229 1124 baronibus

154 1185 180 1243 ,a
207 1155 335 1230 nostris
356 1159 559 1260 ceterisque
578 1159 805 1254 consiliariis,
832 1163 1023 1234 nobiscum
1068 1153 1232 1232 asisten-
1316 1225 1317 1234 .

155 1311 180 1360 ,‚
206 1265 323 1360 tibus,
363 1264 591 1338 decreuimus
627 1289 694 1340 nos
732 1263 942 1368 praeparare,
971 1265 1015 1338 ad
1051 1259 1234 1334 assumtio·

158 1409 183 1453 n
208 1392 293 1448 nem
314 1367 418 1468 ipsius
438 1391 593 1444 coronae
618 1369 753 1469 sacrae,
779 1374 819 1445 in
847 1373 931 1446 loco
958 1365 1045 1446 olim
1067 1363 1229 1468 designa·
1316 1357 1317 1404 ³

156 1528 181 1572 „
207 1496 272 1572 to,
299 1475 468 1576 diemque
489 1479 734 1552 coronationis
768 1475 953 1552 statuimus
988 1475 1084 1550 circa
1112 1471 1230 1544 domi·

155 1584 329 1676 „nicam
358 1581 477 1654 Remis
502 1578 724 1680 palmarum,
755 1585 915 1682 proxime
950 1576 1229 1654 adiitturarra-

154 1742 180 1782 ,‚
204 1690 292 1762 Dat.
314 1688 359 1760 in·
376 1685 513 1786 oppido
538 1689 703 1762 Dombro
737 1691 837 1788 regni
865 1685 1096 1778 Sclauoniae,
1129 1678 1227 1754 sabb.

159 1841 183 1883 „
210 1816 311 1892 prox.
337 1809 421 1866 ante
444 1789 515 1866 sesi.
536 1791 639 1892 purif.
655 1800 696 1866 B.
710 1799 763 1868 M.
774 1795 816 1868 V.
832 1797 877 1868 A.
893 1791 941 1865 D.
956 1789 1228 1868 MCDLXIV.“

22 1889 27 1900 ’
110 1907 123 1928 ’
153 1901 293 1975 Budarn
313 1900 399 1972 inde
423 1893 621 1998 prosedus,
640 1903 679 1972 in
699 1895 858 1979 fauorem
879 1897 1032 1972 Emerici
1052 1889 1227 1991 Zapolya,

158 2023 268 2103 quem
302 2001 445 2079 assertae
465 2005 742 2106 vindicataeque
767 2005 918 2084 Bosniae
935 1996 1230 2110 (gubernatorem

154 2107 326 2208 instituit,
354 2106 489 2186 litteras
515 2107 637 2205 dedit,
669 2115 727 2206 (a)
744 2107 898 2204 dudm,
932 2114 970 2188 in
988 2101 1076 2205 festo
1092 2101 1139 2182 B.
1159 2095 1232 2176 Va-

25 2191 44 2258 '.
129 2214 281 2293 ..pemm-
313 2217 363 2292 M
395 2213 448 2288 A,
481 2211 530 2288 D,
562 2213 819 2293 MCDLXIV.
871 2219 978 2288 Hunc
1020 2209 1231 2283 Emericum
1317 2293 1318 2302 ἶ

154 2314 344 2420 Boniipius
365 2339 449 2408 ante
468 2323 746 2402 coronationem
774 2321 951 2395 aMathia
979 2339 1064 2392 cum
1092 2312 1233 2386 duabus
1317 2321 1318 2412 l

155 2422 362 2524 legionibus
379 2427 423 2498 ad
447 2425 693 2524 obfidionem,
719 2450 791 2525 qua
815 2429 954 2500 iureae
984 2426 1131 2497 laitzam
1157 2416 1232 2489 cin·
1317 2423 1318 2428 ’

154 2527 240 2606 xisse
261 2527 483 2626 serebantur,
509 2526 713 2605 soluendam
732 2525 915 2607 remilium
937 2527 1144 2630 fugatisque
1168 2523 1234 2594 ho·

155 2635 289 2732 ilibus,
314 2639 358 2711 ad
384 2638 662 2730 coronationem
690 2635 821 2712 Albam
862 2633 1019 2736 regalem
1052 2623 1235 2705 reuersum

159 2738 226 2820 effe
252 2741 381 2820 scribit.
413 2721 504 2816 'sed
527 2743 589 2815 vix
615 2740 664 2814 est
687 2739 878 2838 credibile,
905 2741 1160 2814 Mahumetem
1185 2733 1233 2802 ri·

160 2849 244 2949 gida
268 2849 386 2924 hieme
410 2849 531 2954 copias
556 2865 630 2922 tam
669 2849 744 2922 cito
775 2843 936 2948 coegisse.
989 2837 1233 2918 ‘Coronationi

156 2973 425 3054 praemortuam
461 2943 556 3025 tinne
588 2951 815 3049 Catharinam
856 2949 913 3026 scu
939 2947 1234 3047 cunegundem,

157 3061 279 3134 exirit
305 3054 461 3142 Pellinae
495 3059 618 3132 verbis.
641 3055 771 3158 liquet:
805 3054 870 3156 (b)
899 3049 1121 3162 Cunegandis
1156 3071 1234 3124 torr-

156 3169 271 3262 iunx,
292 3159 416 3270 plryfi
434 3160 636 3260 consumta,
672 3162 764 3240 nulla
820 3160 886 3238 rose
922 3160 1066 3252 residu,
1103 3153 1237 3251 deceffit

156 3265 276 3370 Budae
288 3296 303 3362 ;
346 3277 383 3348 in
424 3265 506 3344 aede
537 3269 574 3344 S.
597 3179 843 3376 Sigismrrnsi,
879 3265 918 3344 iir
944 3293 1012 3373 qua
1029 3257 1237 3340 Balearicae

158 3381 331 3454 conciones
351 3375 479 3483 peragi
503 3368 688 3473 solebant,
702 3411 755 3432 ·-
798 3371 924 3476 epira.
977 3377 1098 3449 Quum
1121 3367 1238 3466 igitur

160 3487 196 3564 8.
214 3483 337 3554 Martii
360 3478 664 3582 pater'exsequias
688 3482 765 3554 eius
789 3475 1017 3555 celebrandas
1035 3471 1237 3564 emeruerit,-

159 3585 325 3658 nondum
352 3589 467 3662 tribus
486 3587 588 3658 annis
613 3583 790 3660 connubii
816 3581 1037 3681 completis,
1064 3599 1151 3653 anre
1174 3597 1240 3649 co·

157 3691 390 3770 renationem
420 3691 582 3776 Mathiae
605 3683 778 3792 decessit.
831 3690 1009 3770 Mathiam
1040 3689 1137 3760 enim
1171 3683 1237 3773 49.

259 3829 264 3843 ⁴
1056 3788 1185 3866 Martii

252 4136 326 4205 45¹·
1081 4149 1083 4158 ‘
1122 4143 1144 4156 ''
