2650 4390
414 160 545 242 ‘nix
598 168 788 244 XXXIV
1019 189 1091 270 511
1161 225 1174 263 v,

71 332 277 452 'episcopum
309 336 502 410 denomina
486 342 571 411 uit.
622 337 722 411 Nihil
761 361 835 411 non
864 341 938 438 egit
954 341 1147 438 pontifex,x

74 442 200 534 partim
226 458 267 511 vt
284 439 386 537 illum
416 448 458 522 ab
492 447 562 516 boc
589 439 736 522 consilio
768 465 958 520 reuocaret
968 449 1160 546 ,partim

73 558 112 610 ιι
130 545 210 614 ob
202 547 379 669 irritatum
410 541 572 620 socerum
597 546 814 622 conciliaret.
843 555 943 642 (a)
1021 609 1030 628 .

172 765 377 848 CCCXVII.
405 773 581 849 Mathiam
606 773 711 844 nimis
729 771 899 842 uxorium
923 791 942 838 a
965 763 1143 868 plerisque

81 889 288 993 reputatum
309 870 433 970 fuisse,
469 873 658 950 Bonlinius
685 873 840 949 testatur.
896 874 1019 944 onris
1048 895 1170 947 certe.

77 980 189 1082 gratia
220 978 394 1058 haecum
431 971 606 1092 pontifice
635 978 868 1069 diliensrones
900 975 1048 1060 habuit,
1086 976 1147 1052 len
1223 959 1232 987 ¹

77 1105 191 1184 quum
201 1083 466 1181 Hippolytum,
490 1105 603 1184 quem
622 1084 680 1158 alii
697 1085 995 1184 quinquennem,
1013 1079 1149 1180 septen·
1154 1169 1159 1176 ι

83 1211 168 1264 uem
193 1182 272 1280 alii,
281 1187 485 1262 Bonfinius
524 1213 732 1283 nouennem
743 1185 939 1285 ,faciunt,
968 1205 1149 1306 metropo
1244 1261 1247 1278 ,

82 1291 183 1368 litam
199 1293 476 1392 strigoniensem
494 1297 742 1366 renunciauit·
732 1343 743 1379 ‚
781 1291 839 1364 seu
856 1314 970 1394 quum
988 1289 1167 1402 iniquam.

6 1407 29 1448 ⁸
80 1401 160 1472 eius
184 1400 292 1494 patris
326 1400 542 1471 Ferd‘mantli
567 1379 718 1472 caussam
755 1397 1009 1518 propugnauit.
1073 1393 1152 1470 Ma·

82 1507 174 1602 gnae
196 1500 303 1574 etiam
326 1504 485 1576 eiusdem
520 1507 636 1576 vxoris
666 1503 744 1576 suae
781 1507 892 1604 gratia
929 1501 1150 1589 mutationes

84 1613 138 1680 in
139 1605 307 1679 moribus
328 1611 367 1680 ei
393 1607 564 1680 inolitis'
556 1631 624 1680 ram
626 1607 981 1707 consuetudinibus,
1018 1611 1148 1680 eodem

6 1750 10 1759 ¹
82 1707 262 1786 Bonlinio
279 1709 392 1808 teste,
423 1711 516 1802 lecit.
503 1709 611 1826 (b)
638 1716 690 1786 Ea
716 1732 835 1788 tamen
870 1715 914 1786 de
940 1707 1054 1784 caulia
1078 1708 1152 1784 lau

84 1819 168 1889 clem
187 1837 261 1887 non
284 1787 524 1904 mediocrem
534 1819 676 1892 ueaoix
702 1837 881 1914 meretur,
919 1817 1022 1916 quod
1058 1815 1182 1890 inter.

80 1924 150 1996 alia
182 1922 329 2020 coniugi
356 1917 417 1994 luo
462 1920 685 1996 scientiarum
712 1945 871 1995 amorem
910 1921 1153 2040 inspirauerit,

81 2048 193 2124 quem
221 2025 264 2094 ab
278 2049 361 2099 auo
385 2028 504 2125 potius
522 2024 729 2124 Alpbonso‚
758 2051 869 2124 quam
890 2051 910 2098 a
938 2043 1037 2124 patre
1068 2029 1152 2098 Fer·

3 2175 4 2180 ,
80 2127 243 2203 dinando'
265 2132 392 2224 traxit,
420 2151 461 2204 vt
498 2133 671 2206 Galeotus
702 2130 837 2204 scribit:
873 2129 932 2232 (c)
958 2129 1154 2230 Magnifica,
1252 2139 1296 2219 ᾗ

82 2255 183 2308 certe
217 2233 462 2330 bibliotheca,
485 2259 594 2336 quam
627 2231 753 2314 insanis
792 2233 962 2311 sumtibus
994 2237 1151 2309 Mathias

82 2360 241 2414 erexerat
256 2363 297 2412 ac
314 2339 535 2434 instruxerat,
549 2337 682 2414 multos
693 2339 893 2419 laudatores
903 2335 1004 2434 nacla
1016 2338 1150 2436 fuique

78 2465 245 2550 inprimis
254 2443 622 2550 NrcolaumOlrhum,
635 2469 697 2546 qur
688 2442 901 2520 florentem
919 2428 1035 2519 adbuc
1053 2442 1149 2518 illam

81 2549 232 2622 viderat.
255 2548 316 2646 (d)
343 2555 396 2624 In
426 2549 548 2626 scribas
579 2571 615 2624 et
650 2549 831 2647 librarios,
868 2551 953 2625 teste
983 2547 1151 2646 Heltaio,
1222 2635 1226 2656 ἢ

83 2659 141 2746 (e)
171 2675 232 2750 33.
256 2677 433 2730 aureorum
454 2657 664 2755 florenorum
691 2655 801 2732 millia
820 2661 1004 2756 quotannis
1025 2649 1155 2752 insmn·
1259 2649 1266 2666 ⁸

59 2841 65 2848 ,
76 2756 158 2860 fit,
183 2759 352 2859 equibus
378 2778 534 2856 quatuor
560 2757 764 2836 Florentiae
797 2763 936 2858 magnis
961 2763 1153 2882 impendiis
1277 2759 1281 2772 “

83 2865 197 2956 aluit,
227 2883 268 2936 vt
287 2857 506 2937 llrafficanus
530 2861 652 2944 affirit.
676 2864 788 2964 (f)
808 2868 970 2940 fluum
960 2869 1071 2966 igitur
1106 2866 1151 2938 ad

87 2989 153 3065 50.
181 2965 290 3044 millia
314 2969 541 3044 voluminum
567 2969 805 3046 bibliothecae
825 2971 1058 3076 Coruinianae
1088 2993 1153 3042 nu·

83 3095 209 3147 merus
227 3076 453 3159 extenditur,
493 3073 651 3148 hicnon
677 3093 753 3148 tam
781 3076 826 3148 de
856 3095 945 3174 typo
973 3073 1154 3176 vulgaris,

82 3181 154 3278 qui
180 3183 285 3277 pauci
310 3199 398 3254 tunc
422 3195 544 3274 erant,
572 3183 759 3278 quam-de
797 3203 907 3252 manu
933 3177 1067 3280 scriptis
1097 3200 1174 3256 ac·,

79 3286 275 3382 cipiendus
302 3283 360 3359 eli.
427 3281 559 3356 Nullus
592 3305 715 3362 autem
741 3284 883 3359 vberius
912 3283 1152 3358 Coruiniuoae

81 3385 329 3490 bibliothecae
358 3387 478 3464 laudes
510 3385 723 3488 exsequutus
756 3387 805 3463 est
836 3385 959 3462 Naldo
988 3387 1150 3484 Naldio,

82 3481 193 3567 cuius
229 3495 412 3595 epistolam
450 3515 488 3570 et
516 3497 583 3570 Ν.
609 3493 743 3592 libros,
790 3494 944 3569 versibus
981 3490 1151 3673 gemmus,

1012 3619 1100 3675 erus

418 3745 420 3752 l
897 3747 901 3756 Ι

73 3763 1159 3792 mmmfflssmfl.

128 3821 175 3900 (a)
200 3821 275 3888 Hill.
295 3824 349 3889 Cr.
371 3827 407 3885 Γ.
423 3823 503 3890 XVI.
522 3847 553 3906 p.
573 3819 764 3910 611..--716
818 3823 863 3904 (b)
886 3827 963 3892 Dec.
984 3821 1039 3884 IV.
1064 3821 1150 3890 [ibt.

176 3927 243 3989 Vll.
261 3949 292 4008 p.
314 3927 389 4007 652.
410 3929 473 4010 (c)
496 3931 571 4014 Cap.
589 3931 682 3995 XXV.
698 3951 729 4010 p.
749 3924 819 4004 262.
870 3927 925 4008 (dl
947 3933 1049 4010 Hung
1074 3930 1152 4020 Cflp

175 4028 269 4117 Vqr·
292 4053 321 4108 9.
364 4028 406 4110 (ι)
430 4053 459 4117 p.
476 4035 544 4098 162.
584 4031 650 4114 (f)
674 4031 1147 4121 ΑριὸιΙιίιιῆιιιΙιΟοιιιιρμ,
